%YAML 1.1
%TAG !u! tag:unity3d.com,2011:
--- !u!1001 &100100000
Prefab:
  m_ObjectHideFlags: 1
  serializedVersion: 2
  m_Modification:
    m_TransformParent: {fileID: 0}
    m_Modifications: []
    m_RemovedComponents: []
  m_ParentPrefab: {fileID: 0}
  m_RootGameObject: {fileID: 1067067511012990}
  m_IsPrefabParent: 1
--- !u!1 &1011726605400300
GameObject:
  m_ObjectHideFlags: 1
  m_PrefabParentObject: {fileID: 0}
  m_PrefabInternal: {fileID: 100100000}
  serializedVersion: 5
  m_Component:
  - component: {fileID: 4729287255948344}
  m_Layer: 0
  m_Name: Alien_L_Shoulder
  m_TagString: Untagged
  m_Icon: {fileID: 0}
  m_NavMeshLayer: 0
  m_StaticEditorFlags: 0
  m_IsActive: 1
--- !u!1 &1022907637722750
GameObject:
  m_ObjectHideFlags: 0
  m_PrefabParentObject: {fileID: 0}
  m_PrefabInternal: {fileID: 100100000}
  serializedVersion: 5
  m_Component:
  - component: {fileID: 4133439009036572}
  m_Layer: 0
  m_Name: Alien_ToesGizmo
  m_TagString: Untagged
  m_Icon: {fileID: 0}
  m_NavMeshLayer: 0
  m_StaticEditorFlags: 0
  m_IsActive: 1
--- !u!1 &1031968843122158
GameObject:
  m_ObjectHideFlags: 1
  m_PrefabParentObject: {fileID: 0}
  m_PrefabInternal: {fileID: 100100000}
  serializedVersion: 5
  m_Component:
  - component: {fileID: 4474917589574916}
  m_Layer: 0
  m_Name: Alien_L_Forefinger2
  m_TagString: Untagged
  m_Icon: {fileID: 0}
  m_NavMeshLayer: 0
  m_StaticEditorFlags: 0
  m_IsActive: 1
--- !u!1 &1043278607577550
GameObject:
  m_ObjectHideFlags: 1
  m_PrefabParentObject: {fileID: 0}
  m_PrefabInternal: {fileID: 100100000}
  serializedVersion: 5
  m_Component:
  - component: {fileID: 4066903804771060}
  m_Layer: 0
  m_Name: Alien_L_Forefinger1
  m_TagString: Untagged
  m_Icon: {fileID: 0}
  m_NavMeshLayer: 0
  m_StaticEditorFlags: 0
  m_IsActive: 1
--- !u!1 &1054032792868654
GameObject:
  m_ObjectHideFlags: 1
  m_PrefabParentObject: {fileID: 0}
  m_PrefabInternal: {fileID: 100100000}
  serializedVersion: 5
  m_Component:
  - component: {fileID: 4118342866843702}
  m_Layer: 0
  m_Name: Alien_L_Thumb2
  m_TagString: Untagged
  m_Icon: {fileID: 0}
  m_NavMeshLayer: 0
  m_StaticEditorFlags: 0
  m_IsActive: 1
--- !u!1 &1067067511012990
GameObject:
  m_ObjectHideFlags: 0
  m_PrefabParentObject: {fileID: 0}
  m_PrefabInternal: {fileID: 100100000}
  serializedVersion: 5
  m_Component:
  - component: {fileID: 4856212534182546}
  - component: {fileID: 95241094280633608}
  m_Layer: 0
  m_Name: Alien Purple Prefab
  m_TagString: Untagged
  m_Icon: {fileID: 0}
  m_NavMeshLayer: 0
  m_StaticEditorFlags: 0
  m_IsActive: 1
--- !u!1 &1071176497880990
GameObject:
  m_ObjectHideFlags: 1
  m_PrefabParentObject: {fileID: 0}
  m_PrefabInternal: {fileID: 100100000}
  serializedVersion: 5
  m_Component:
  - component: {fileID: 4658796095961204}
  m_Layer: 0
  m_Name: Alien_R_Lower_Arm
  m_TagString: Untagged
  m_Icon: {fileID: 0}
  m_NavMeshLayer: 0
  m_StaticEditorFlags: 0
  m_IsActive: 1
--- !u!1 &1074113778849268
GameObject:
  m_ObjectHideFlags: 1
  m_PrefabParentObject: {fileID: 0}
  m_PrefabInternal: {fileID: 100100000}
  serializedVersion: 5
  m_Component:
  - component: {fileID: 4945904277551976}
  - component: {fileID: 33613781753403504}
  - component: {fileID: 23450039091659836}
  m_Layer: 0
  m_Name: Spear
  m_TagString: Untagged
  m_Icon: {fileID: 0}
  m_NavMeshLayer: 0
  m_StaticEditorFlags: 0
  m_IsActive: 1
--- !u!1 &1099972206797768
GameObject:
  m_ObjectHideFlags: 0
  m_PrefabParentObject: {fileID: 0}
  m_PrefabInternal: {fileID: 100100000}
  serializedVersion: 5
  m_Component:
  - component: {fileID: 4162025184174968}
  m_Layer: 0
  m_Name: Alien_R_Upper_ArmGizmo
  m_TagString: Untagged
  m_Icon: {fileID: 0}
  m_NavMeshLayer: 0
  m_StaticEditorFlags: 0
  m_IsActive: 1
--- !u!1 &1101349981438766
GameObject:
  m_ObjectHideFlags: 1
  m_PrefabParentObject: {fileID: 0}
  m_PrefabInternal: {fileID: 100100000}
  serializedVersion: 5
  m_Component:
  - component: {fileID: 4815126739361014}
  m_Layer: 0
  m_Name: Alien_Head
  m_TagString: Untagged
  m_Icon: {fileID: 0}
  m_NavMeshLayer: 0
  m_StaticEditorFlags: 0
  m_IsActive: 1
--- !u!1 &1105667649487558
GameObject:
  m_ObjectHideFlags: 0
  m_PrefabParentObject: {fileID: 0}
  m_PrefabInternal: {fileID: 100100000}
  serializedVersion: 5
  m_Component:
  - component: {fileID: 4579123835573186}
  m_Layer: 0
  m_Name: Alien_L_Forefinger1Gizmo
  m_TagString: Untagged
  m_Icon: {fileID: 0}
  m_NavMeshLayer: 0
  m_StaticEditorFlags: 0
  m_IsActive: 1
--- !u!1 &1114836964914000
GameObject:
  m_ObjectHideFlags: 1
  m_PrefabParentObject: {fileID: 0}
  m_PrefabInternal: {fileID: 100100000}
  serializedVersion: 5
  m_Component:
  - component: {fileID: 4321655705202058}
  m_Layer: 0
  m_Name: Alien_Chest
  m_TagString: Untagged
  m_Icon: {fileID: 0}
  m_NavMeshLayer: 0
  m_StaticEditorFlags: 0
  m_IsActive: 1
--- !u!1 &1140137370072344
GameObject:
  m_ObjectHideFlags: 0
  m_PrefabParentObject: {fileID: 0}
  m_PrefabInternal: {fileID: 100100000}
  serializedVersion: 5
  m_Component:
  - component: {fileID: 4000326988466006}
  m_Layer: 0
  m_Name: Alien_R_Thumb1Gizmo
  m_TagString: Untagged
  m_Icon: {fileID: 0}
  m_NavMeshLayer: 0
  m_StaticEditorFlags: 0
  m_IsActive: 1
--- !u!1 &1143600761601048
GameObject:
  m_ObjectHideFlags: 1
  m_PrefabParentObject: {fileID: 0}
  m_PrefabInternal: {fileID: 100100000}
  serializedVersion: 5
  m_Component:
  - component: {fileID: 4443020293830434}
  m_Layer: 0
  m_Name: Alien_Neck
  m_TagString: Untagged
  m_Icon: {fileID: 0}
  m_NavMeshLayer: 0
  m_StaticEditorFlags: 0
  m_IsActive: 1
--- !u!1 &1149856626783934
GameObject:
  m_ObjectHideFlags: 0
  m_PrefabParentObject: {fileID: 0}
  m_PrefabInternal: {fileID: 100100000}
  serializedVersion: 5
  m_Component:
  - component: {fileID: 4376104191321794}
  m_Layer: 0
  m_Name: Alien_L_Forefinger2Gizmo
  m_TagString: Untagged
  m_Icon: {fileID: 0}
  m_NavMeshLayer: 0
  m_StaticEditorFlags: 0
  m_IsActive: 1
--- !u!1 &1175227473394436
GameObject:
  m_ObjectHideFlags: 1
  m_PrefabParentObject: {fileID: 0}
  m_PrefabInternal: {fileID: 100100000}
  serializedVersion: 5
  m_Component:
  - component: {fileID: 4233796981214800}
  m_Layer: 0
  m_Name: Alien_L_Forefinger3
  m_TagString: Untagged
  m_Icon: {fileID: 0}
  m_NavMeshLayer: 0
  m_StaticEditorFlags: 0
  m_IsActive: 1
--- !u!1 &1187350413195754
GameObject:
  m_ObjectHideFlags: 0
  m_PrefabParentObject: {fileID: 0}
  m_PrefabInternal: {fileID: 100100000}
  serializedVersion: 5
  m_Component:
  - component: {fileID: 4553632561919680}
  m_Layer: 0
  m_Name: Alien_R_Middle3Gizmo
  m_TagString: Untagged
  m_Icon: {fileID: 0}
  m_NavMeshLayer: 0
  m_StaticEditorFlags: 0
  m_IsActive: 1
--- !u!1 &1197351876914718
GameObject:
  m_ObjectHideFlags: 1
  m_PrefabParentObject: {fileID: 0}
  m_PrefabInternal: {fileID: 100100000}
  serializedVersion: 5
  m_Component:
  - component: {fileID: 4773208360851602}
  m_Layer: 0
  m_Name: Alien_Tail2
  m_TagString: Untagged
  m_Icon: {fileID: 0}
  m_NavMeshLayer: 0
  m_StaticEditorFlags: 0
  m_IsActive: 1
--- !u!1 &1198462291560284
GameObject:
  m_ObjectHideFlags: 0
  m_PrefabParentObject: {fileID: 0}
  m_PrefabInternal: {fileID: 100100000}
  serializedVersion: 5
  m_Component:
  - component: {fileID: 4326844274374698}
  m_Layer: 0
  m_Name: Alien_
  m_TagString: Untagged
  m_Icon: {fileID: 0}
  m_NavMeshLayer: 0
  m_StaticEditorFlags: 0
  m_IsActive: 1
--- !u!1 &1208147345304462
GameObject:
  m_ObjectHideFlags: 1
  m_PrefabParentObject: {fileID: 0}
  m_PrefabInternal: {fileID: 100100000}
  serializedVersion: 5
  m_Component:
  - component: {fileID: 4271482124789434}
  - component: {fileID: 137387091305796744}
  m_Layer: 0
  m_Name: Hip Armor
  m_TagString: Untagged
  m_Icon: {fileID: 0}
  m_NavMeshLayer: 0
  m_StaticEditorFlags: 0
  m_IsActive: 1
--- !u!1 &1227048977863738
GameObject:
  m_ObjectHideFlags: 1
  m_PrefabParentObject: {fileID: 0}
  m_PrefabInternal: {fileID: 100100000}
  serializedVersion: 5
  m_Component:
  - component: {fileID: 4434855759500540}
  m_Layer: 0
  m_Name: Alien_Backskirt2
  m_TagString: Untagged
  m_Icon: {fileID: 0}
  m_NavMeshLayer: 0
  m_StaticEditorFlags: 0
  m_IsActive: 1
--- !u!1 &1229808343211612
GameObject:
  m_ObjectHideFlags: 0
  m_PrefabParentObject: {fileID: 0}
  m_PrefabInternal: {fileID: 100100000}
  serializedVersion: 5
  m_Component:
  - component: {fileID: 4586446611451082}
  m_Layer: 0
  m_Name: Alien_L_Middle1Gizmo
  m_TagString: Untagged
  m_Icon: {fileID: 0}
  m_NavMeshLayer: 0
  m_StaticEditorFlags: 0
  m_IsActive: 1
--- !u!1 &1235492865381716
GameObject:
  m_ObjectHideFlags: 0
  m_PrefabParentObject: {fileID: 0}
  m_PrefabInternal: {fileID: 100100000}
  serializedVersion: 5
  m_Component:
  - component: {fileID: 4994891812628070}
  - component: {fileID: 137627496815084334}
  m_Layer: 0
  m_Name: Alien LP
  m_TagString: Untagged
  m_Icon: {fileID: 0}
  m_NavMeshLayer: 0
  m_StaticEditorFlags: 0
  m_IsActive: 1
--- !u!1 &1238971982622974
GameObject:
  m_ObjectHideFlags: 1
  m_PrefabParentObject: {fileID: 0}
  m_PrefabInternal: {fileID: 100100000}
  serializedVersion: 5
  m_Component:
  - component: {fileID: 4716675161619548}
  m_Layer: 0
  m_Name: Spear Controller
  m_TagString: Untagged
  m_Icon: {fileID: 0}
  m_NavMeshLayer: 0
  m_StaticEditorFlags: 0
  m_IsActive: 1
--- !u!1 &1271225172199526
GameObject:
  m_ObjectHideFlags: 0
  m_PrefabParentObject: {fileID: 0}
  m_PrefabInternal: {fileID: 100100000}
  serializedVersion: 5
  m_Component:
  - component: {fileID: 4482379472960922}
  m_Layer: 0
  m_Name: Alien_R_Platform
  m_TagString: Untagged
  m_Icon: {fileID: 0}
  m_NavMeshLayer: 0
  m_StaticEditorFlags: 0
  m_IsActive: 1
--- !u!1 &1272070173556390
GameObject:
  m_ObjectHideFlags: 1
  m_PrefabParentObject: {fileID: 0}
  m_PrefabInternal: {fileID: 100100000}
  serializedVersion: 5
  m_Component:
  - component: {fileID: 4660046688885872}
  m_Layer: 0
  m_Name: Alien_L_Middle1
  m_TagString: Untagged
  m_Icon: {fileID: 0}
  m_NavMeshLayer: 0
  m_StaticEditorFlags: 0
  m_IsActive: 1
--- !u!1 &1276183396331936
GameObject:
  m_ObjectHideFlags: 0
  m_PrefabParentObject: {fileID: 0}
  m_PrefabInternal: {fileID: 100100000}
  serializedVersion: 5
  m_Component:
  - component: {fileID: 4643541246752606}
  m_Layer: 0
  m_Name: Alien_R_Forefinger3Gizmo
  m_TagString: Untagged
  m_Icon: {fileID: 0}
  m_NavMeshLayer: 0
  m_StaticEditorFlags: 0
  m_IsActive: 1
--- !u!1 &1276742445264624
GameObject:
  m_ObjectHideFlags: 0
  m_PrefabParentObject: {fileID: 0}
  m_PrefabInternal: {fileID: 100100000}
  serializedVersion: 5
  m_Component:
  - component: {fileID: 4572036076420254}
  m_Layer: 0
  m_Name: Alien_ToesGizmo 1
  m_TagString: Untagged
  m_Icon: {fileID: 0}
  m_NavMeshLayer: 0
  m_StaticEditorFlags: 0
  m_IsActive: 1
--- !u!1 &1287426004525614
GameObject:
  m_ObjectHideFlags: 1
  m_PrefabParentObject: {fileID: 0}
  m_PrefabInternal: {fileID: 100100000}
  serializedVersion: 5
  m_Component:
  - component: {fileID: 4200023966901032}
  m_Layer: 0
  m_Name: Alien_Toes
  m_TagString: Untagged
  m_Icon: {fileID: 0}
  m_NavMeshLayer: 0
  m_StaticEditorFlags: 0
  m_IsActive: 1
--- !u!1 &1294386467768438
GameObject:
  m_ObjectHideFlags: 0
  m_PrefabParentObject: {fileID: 0}
  m_PrefabInternal: {fileID: 100100000}
  serializedVersion: 5
  m_Component:
  - component: {fileID: 4802670697734308}
  m_Layer: 0
  m_Name: Alien_L_Forefinger3Gizmo
  m_TagString: Untagged
  m_Icon: {fileID: 0}
  m_NavMeshLayer: 0
  m_StaticEditorFlags: 0
  m_IsActive: 1
--- !u!1 &1319651535068006
GameObject:
  m_ObjectHideFlags: 1
  m_PrefabParentObject: {fileID: 0}
  m_PrefabInternal: {fileID: 100100000}
  serializedVersion: 5
  m_Component:
  - component: {fileID: 4463506659707314}
  m_Layer: 0
  m_Name: Alien_R_Forefinger3
  m_TagString: Untagged
  m_Icon: {fileID: 0}
  m_NavMeshLayer: 0
  m_StaticEditorFlags: 0
  m_IsActive: 1
--- !u!1 &1346032050810506
GameObject:
  m_ObjectHideFlags: 0
  m_PrefabParentObject: {fileID: 0}
  m_PrefabInternal: {fileID: 100100000}
  serializedVersion: 5
  m_Component:
  - component: {fileID: 4546562346548690}
  m_Layer: 0
  m_Name: Alien_HeadGizmo
  m_TagString: Untagged
  m_Icon: {fileID: 0}
  m_NavMeshLayer: 0
  m_StaticEditorFlags: 0
  m_IsActive: 1
--- !u!1 &1347018084235000
GameObject:
  m_ObjectHideFlags: 1
  m_PrefabParentObject: {fileID: 0}
  m_PrefabInternal: {fileID: 100100000}
  serializedVersion: 5
  m_Component:
  - component: {fileID: 4737558252570040}
  m_Layer: 0
  m_Name: Alien_L_Ankle
  m_TagString: Untagged
  m_Icon: {fileID: 0}
  m_NavMeshLayer: 0
  m_StaticEditorFlags: 0
  m_IsActive: 1
--- !u!1 &1349264947953574
GameObject:
  m_ObjectHideFlags: 1
  m_PrefabParentObject: {fileID: 0}
  m_PrefabInternal: {fileID: 100100000}
  serializedVersion: 5
  m_Component:
  - component: {fileID: 4520566895760330}
  m_Layer: 0
  m_Name: Alien_R_Middle1
  m_TagString: Untagged
  m_Icon: {fileID: 0}
  m_NavMeshLayer: 0
  m_StaticEditorFlags: 0
  m_IsActive: 1
--- !u!1 &1360232077053590
GameObject:
  m_ObjectHideFlags: 0
  m_PrefabParentObject: {fileID: 0}
  m_PrefabInternal: {fileID: 100100000}
  serializedVersion: 5
  m_Component:
  - component: {fileID: 4360103499054670}
  m_Layer: 0
  m_Name: Alien_Hips
  m_TagString: Untagged
  m_Icon: {fileID: 0}
  m_NavMeshLayer: 0
  m_StaticEditorFlags: 0
  m_IsActive: 1
--- !u!1 &1366528026402132
GameObject:
  m_ObjectHideFlags: 0
  m_PrefabParentObject: {fileID: 0}
  m_PrefabInternal: {fileID: 100100000}
  serializedVersion: 5
  m_Component:
  - component: {fileID: 4094037676156450}
  m_Layer: 0
  m_Name: Alien_HipsGizmo
  m_TagString: Untagged
  m_Icon: {fileID: 0}
  m_NavMeshLayer: 0
  m_StaticEditorFlags: 0
  m_IsActive: 1
--- !u!1 &1368760876124948
GameObject:
  m_ObjectHideFlags: 1
  m_PrefabParentObject: {fileID: 0}
  m_PrefabInternal: {fileID: 100100000}
  serializedVersion: 5
  m_Component:
  - component: {fileID: 4387581561657618}
  - component: {fileID: 137210165201951206}
  m_Layer: 0
  m_Name: Sword Holder
  m_TagString: Untagged
  m_Icon: {fileID: 0}
  m_NavMeshLayer: 0
  m_StaticEditorFlags: 0
  m_IsActive: 1
--- !u!1 &1381849409074788
GameObject:
  m_ObjectHideFlags: 1
  m_PrefabParentObject: {fileID: 0}
  m_PrefabInternal: {fileID: 100100000}
  serializedVersion: 5
  m_Component:
  - component: {fileID: 4428883634725788}
  m_Layer: 0
  m_Name: Alien_L_Upper_Leg
  m_TagString: Untagged
  m_Icon: {fileID: 0}
  m_NavMeshLayer: 0
  m_StaticEditorFlags: 0
  m_IsActive: 1
--- !u!1 &1395506026169066
GameObject:
  m_ObjectHideFlags: 0
  m_PrefabParentObject: {fileID: 0}
  m_PrefabInternal: {fileID: 100100000}
  serializedVersion: 5
  m_Component:
  - component: {fileID: 4823564947852234}
  m_Layer: 0
  m_Name: Alien_L_HandGizmo
  m_TagString: Untagged
  m_Icon: {fileID: 0}
  m_NavMeshLayer: 0
  m_StaticEditorFlags: 0
  m_IsActive: 1
--- !u!1 &1440401464889702
GameObject:
  m_ObjectHideFlags: 0
  m_PrefabParentObject: {fileID: 0}
  m_PrefabInternal: {fileID: 100100000}
  serializedVersion: 5
  m_Component:
  - component: {fileID: 4932455506395424}
  m_Layer: 0
  m_Name: Alien_Tail2Gizmo
  m_TagString: Untagged
  m_Icon: {fileID: 0}
  m_NavMeshLayer: 0
  m_StaticEditorFlags: 0
  m_IsActive: 1
--- !u!1 &1441577063189960
GameObject:
  m_ObjectHideFlags: 0
  m_PrefabParentObject: {fileID: 0}
  m_PrefabInternal: {fileID: 100100000}
  serializedVersion: 5
  m_Component:
  - component: {fileID: 4189004945008932}
  m_Layer: 0
  m_Name: Alien_Tail3Gizmo
  m_TagString: Untagged
  m_Icon: {fileID: 0}
  m_NavMeshLayer: 0
  m_StaticEditorFlags: 0
  m_IsActive: 1
--- !u!1 &1448534453416592
GameObject:
  m_ObjectHideFlags: 0
  m_PrefabParentObject: {fileID: 0}
  m_PrefabInternal: {fileID: 100100000}
  serializedVersion: 5
  m_Component:
  - component: {fileID: 4100056829370096}
  m_Layer: 0
  m_Name: Alien_R_HandGizmo
  m_TagString: Untagged
  m_Icon: {fileID: 0}
  m_NavMeshLayer: 0
  m_StaticEditorFlags: 0
  m_IsActive: 1
--- !u!1 &1449262907106528
GameObject:
  m_ObjectHideFlags: 0
  m_PrefabParentObject: {fileID: 0}
  m_PrefabInternal: {fileID: 100100000}
  serializedVersion: 5
  m_Component:
  - component: {fileID: 4638380554359756}
  m_Layer: 0
  m_Name: Alien_R_Middle1Gizmo
  m_TagString: Untagged
  m_Icon: {fileID: 0}
  m_NavMeshLayer: 0
  m_StaticEditorFlags: 0
  m_IsActive: 1
--- !u!1 &1475053871817838
GameObject:
  m_ObjectHideFlags: 1
  m_PrefabParentObject: {fileID: 0}
  m_PrefabInternal: {fileID: 100100000}
  serializedVersion: 5
  m_Component:
  - component: {fileID: 4144153652230212}
  m_Layer: 0
  m_Name: Alien_R_Thumb1
  m_TagString: Untagged
  m_Icon: {fileID: 0}
  m_NavMeshLayer: 0
  m_StaticEditorFlags: 0
  m_IsActive: 1
--- !u!1 &1494313036908408
GameObject:
  m_ObjectHideFlags: 0
  m_PrefabParentObject: {fileID: 0}
  m_PrefabInternal: {fileID: 100100000}
  serializedVersion: 5
  m_Component:
  - component: {fileID: 4717507868758968}
  m_Layer: 0
  m_Name: Alien_L_Middle3Gizmo
  m_TagString: Untagged
  m_Icon: {fileID: 0}
  m_NavMeshLayer: 0
  m_StaticEditorFlags: 0
  m_IsActive: 1
--- !u!1 &1494407124104212
GameObject:
  m_ObjectHideFlags: 0
  m_PrefabParentObject: {fileID: 0}
  m_PrefabInternal: {fileID: 100100000}
  serializedVersion: 5
  m_Component:
  - component: {fileID: 4151340311016878}
  m_Layer: 0
  m_Name: Alien_L_Lower_ArmGizmo
  m_TagString: Untagged
  m_Icon: {fileID: 0}
  m_NavMeshLayer: 0
  m_StaticEditorFlags: 0
  m_IsActive: 1
--- !u!1 &1500329369493422
GameObject:
  m_ObjectHideFlags: 1
  m_PrefabParentObject: {fileID: 0}
  m_PrefabInternal: {fileID: 100100000}
  serializedVersion: 5
  m_Component:
  - component: {fileID: 4028947407674968}
  m_Layer: 0
  m_Name: Alien_Tail1 1
  m_TagString: Untagged
  m_Icon: {fileID: 0}
  m_NavMeshLayer: 0
  m_StaticEditorFlags: 0
  m_IsActive: 1
--- !u!1 &1511970102179996
GameObject:
  m_ObjectHideFlags: 0
  m_PrefabParentObject: {fileID: 0}
  m_PrefabInternal: {fileID: 100100000}
  serializedVersion: 5
  m_Component:
  - component: {fileID: 4114501266177556}
  m_Layer: 0
  m_Name: Alien_R_Lower_ArmGizmo
  m_TagString: Untagged
  m_Icon: {fileID: 0}
  m_NavMeshLayer: 0
  m_StaticEditorFlags: 0
  m_IsActive: 1
--- !u!1 &1516839925451732
GameObject:
  m_ObjectHideFlags: 0
  m_PrefabParentObject: {fileID: 0}
  m_PrefabInternal: {fileID: 100100000}
  serializedVersion: 5
  m_Component:
  - component: {fileID: 4667785028764936}
  m_Layer: 0
  m_Name: Alien_R_Thumb3Gizmo
  m_TagString: Untagged
  m_Icon: {fileID: 0}
  m_NavMeshLayer: 0
  m_StaticEditorFlags: 0
  m_IsActive: 1
--- !u!1 &1517362489728664
GameObject:
  m_ObjectHideFlags: 0
  m_PrefabParentObject: {fileID: 0}
  m_PrefabInternal: {fileID: 100100000}
  serializedVersion: 5
  m_Component:
  - component: {fileID: 4791252631919832}
  m_Layer: 0
  m_Name: Alien_R_Forefinger2Gizmo
  m_TagString: Untagged
  m_Icon: {fileID: 0}
  m_NavMeshLayer: 0
  m_StaticEditorFlags: 0
  m_IsActive: 1
--- !u!1 &1529664024170222
GameObject:
  m_ObjectHideFlags: 1
  m_PrefabParentObject: {fileID: 0}
  m_PrefabInternal: {fileID: 100100000}
  serializedVersion: 5
  m_Component:
  - component: {fileID: 4060985403314652}
  m_Layer: 0
  m_Name: Alien_L_Middle3
  m_TagString: Untagged
  m_Icon: {fileID: 0}
  m_NavMeshLayer: 0
  m_StaticEditorFlags: 0
  m_IsActive: 1
--- !u!1 &1536988960826574
GameObject:
  m_ObjectHideFlags: 1
  m_PrefabParentObject: {fileID: 0}
  m_PrefabInternal: {fileID: 100100000}
  serializedVersion: 5
  m_Component:
  - component: {fileID: 4950153314354386}
  m_Layer: 0
  m_Name: Alien_R_Middle3
  m_TagString: Untagged
  m_Icon: {fileID: 0}
  m_NavMeshLayer: 0
  m_StaticEditorFlags: 0
  m_IsActive: 1
--- !u!1 &1550189850131998
GameObject:
  m_ObjectHideFlags: 1
  m_PrefabParentObject: {fileID: 0}
  m_PrefabInternal: {fileID: 100100000}
  serializedVersion: 5
  m_Component:
  - component: {fileID: 4607895093070290}
  m_Layer: 0
  m_Name: Alien_R_Upper_Arm
  m_TagString: Untagged
  m_Icon: {fileID: 0}
  m_NavMeshLayer: 0
  m_StaticEditorFlags: 0
  m_IsActive: 1
--- !u!1 &1557625052971652
GameObject:
  m_ObjectHideFlags: 0
  m_PrefabParentObject: {fileID: 0}
  m_PrefabInternal: {fileID: 100100000}
  serializedVersion: 5
  m_Component:
  - component: {fileID: 4372318758964328}
  m_Layer: 0
  m_Name: Alien_L_Middle2Gizmo
  m_TagString: Untagged
  m_Icon: {fileID: 0}
  m_NavMeshLayer: 0
  m_StaticEditorFlags: 0
  m_IsActive: 1
--- !u!1 &1567708938208562
GameObject:
  m_ObjectHideFlags: 0
  m_PrefabParentObject: {fileID: 0}
  m_PrefabInternal: {fileID: 100100000}
  serializedVersion: 5
  m_Component:
  - component: {fileID: 4658871875646600}
  m_Layer: 0
  m_Name: Alien_R_Middle2Gizmo
  m_TagString: Untagged
  m_Icon: {fileID: 0}
  m_NavMeshLayer: 0
  m_StaticEditorFlags: 0
  m_IsActive: 1
--- !u!1 &1581034816343882
GameObject:
  m_ObjectHideFlags: 0
  m_PrefabParentObject: {fileID: 0}
  m_PrefabInternal: {fileID: 100100000}
  serializedVersion: 5
  m_Component:
  - component: {fileID: 4551950252181864}
  m_Layer: 0
  m_Name: Alien_L_Thumb1Gizmo
  m_TagString: Untagged
  m_Icon: {fileID: 0}
  m_NavMeshLayer: 0
  m_StaticEditorFlags: 0
  m_IsActive: 1
--- !u!1 &1601021752738400
GameObject:
  m_ObjectHideFlags: 1
  m_PrefabParentObject: {fileID: 0}
  m_PrefabInternal: {fileID: 100100000}
  serializedVersion: 5
  m_Component:
  - component: {fileID: 4514973936416384}
  m_Layer: 0
  m_Name: Alien_L_Lower_Leg
  m_TagString: Untagged
  m_Icon: {fileID: 0}
  m_NavMeshLayer: 0
  m_StaticEditorFlags: 0
  m_IsActive: 1
--- !u!1 &1629804114405684
GameObject:
  m_ObjectHideFlags: 0
  m_PrefabParentObject: {fileID: 0}
  m_PrefabInternal: {fileID: 100100000}
  serializedVersion: 5
  m_Component:
  - component: {fileID: 4953911685979536}
  m_Layer: 0
  m_Name: Alien_Tail2Gizmo 1
  m_TagString: Untagged
  m_Icon: {fileID: 0}
  m_NavMeshLayer: 0
  m_StaticEditorFlags: 0
  m_IsActive: 1
--- !u!1 &1645598340016292
GameObject:
  m_ObjectHideFlags: 1
  m_PrefabParentObject: {fileID: 0}
  m_PrefabInternal: {fileID: 100100000}
  serializedVersion: 5
  m_Component:
  - component: {fileID: 4945464512193624}
  m_Layer: 0
  m_Name: Alien_R_Lower_Leg
  m_TagString: Untagged
  m_Icon: {fileID: 0}
  m_NavMeshLayer: 0
  m_StaticEditorFlags: 0
  m_IsActive: 1
--- !u!1 &1661557884118952
GameObject:
  m_ObjectHideFlags: 1
  m_PrefabParentObject: {fileID: 0}
  m_PrefabInternal: {fileID: 100100000}
  serializedVersion: 5
  m_Component:
  - component: {fileID: 4456889380470226}
  m_Layer: 0
  m_Name: Alien_R_Thumb3
  m_TagString: Untagged
  m_Icon: {fileID: 0}
  m_NavMeshLayer: 0
  m_StaticEditorFlags: 0
  m_IsActive: 1
--- !u!1 &1674443350832616
GameObject:
  m_ObjectHideFlags: 0
  m_PrefabParentObject: {fileID: 0}
  m_PrefabInternal: {fileID: 100100000}
  serializedVersion: 5
  m_Component:
  - component: {fileID: 4497614191107012}
  m_Layer: 0
  m_Name: Alien_L_Upper_ArmGizmo
  m_TagString: Untagged
  m_Icon: {fileID: 0}
  m_NavMeshLayer: 0
  m_StaticEditorFlags: 0
  m_IsActive: 1
--- !u!1 &1700843079091808
GameObject:
  m_ObjectHideFlags: 1
  m_PrefabParentObject: {fileID: 0}
  m_PrefabInternal: {fileID: 100100000}
  serializedVersion: 5
  m_Component:
  - component: {fileID: 4449764467357908}
  m_Layer: 0
  m_Name: Alien_L_Lower_Arm
  m_TagString: Untagged
  m_Icon: {fileID: 0}
  m_NavMeshLayer: 0
  m_StaticEditorFlags: 0
  m_IsActive: 1
--- !u!1 &1711275214078118
GameObject:
  m_ObjectHideFlags: 1
  m_PrefabParentObject: {fileID: 0}
  m_PrefabInternal: {fileID: 100100000}
  serializedVersion: 5
  m_Component:
  - component: {fileID: 4954143137132942}
  m_Layer: 0
  m_Name: Alien_L_Thumb1
  m_TagString: Untagged
  m_Icon: {fileID: 0}
  m_NavMeshLayer: 0
  m_StaticEditorFlags: 0
  m_IsActive: 1
--- !u!1 &1713427270776840
GameObject:
  m_ObjectHideFlags: 0
  m_PrefabParentObject: {fileID: 0}
  m_PrefabInternal: {fileID: 100100000}
  serializedVersion: 5
  m_Component:
  - component: {fileID: 4361568019269894}
  m_Layer: 0
  m_Name: Alien_Tail1Gizmo
  m_TagString: Untagged
  m_Icon: {fileID: 0}
  m_NavMeshLayer: 0
  m_StaticEditorFlags: 0
  m_IsActive: 1
--- !u!1 &1775339912393080
GameObject:
  m_ObjectHideFlags: 1
  m_PrefabParentObject: {fileID: 0}
  m_PrefabInternal: {fileID: 100100000}
  serializedVersion: 5
  m_Component:
  - component: {fileID: 4160778661268838}
  m_Layer: 0
  m_Name: Alien_R_Ankle
  m_TagString: Untagged
  m_Icon: {fileID: 0}
  m_NavMeshLayer: 0
  m_StaticEditorFlags: 0
  m_IsActive: 1
--- !u!1 &1782618434261588
GameObject:
  m_ObjectHideFlags: 1
  m_PrefabParentObject: {fileID: 0}
  m_PrefabInternal: {fileID: 100100000}
  serializedVersion: 5
  m_Component:
  - component: {fileID: 4467237368871980}
  m_Layer: 0
  m_Name: Alien_Spine
  m_TagString: Untagged
  m_Icon: {fileID: 0}
  m_NavMeshLayer: 0
  m_StaticEditorFlags: 0
  m_IsActive: 1
--- !u!1 &1786116490556750
GameObject:
  m_ObjectHideFlags: 0
  m_PrefabParentObject: {fileID: 0}
  m_PrefabInternal: {fileID: 100100000}
  serializedVersion: 5
  m_Component:
  - component: {fileID: 4748306504433492}
  m_Layer: 0
  m_Name: Alien_L_Platform
  m_TagString: Untagged
  m_Icon: {fileID: 0}
  m_NavMeshLayer: 0
  m_StaticEditorFlags: 0
  m_IsActive: 1
--- !u!1 &1786568342051518
GameObject:
  m_ObjectHideFlags: 1
  m_PrefabParentObject: {fileID: 0}
  m_PrefabInternal: {fileID: 100100000}
  serializedVersion: 5
  m_Component:
  - component: {fileID: 4561545723503100}
  m_Layer: 0
  m_Name: Alien_L_Hand
  m_TagString: Untagged
  m_Icon: {fileID: 0}
  m_NavMeshLayer: 0
  m_StaticEditorFlags: 0
  m_IsActive: 1
--- !u!1 &1797728520179532
GameObject:
  m_ObjectHideFlags: 1
  m_PrefabParentObject: {fileID: 0}
  m_PrefabInternal: {fileID: 100100000}
  serializedVersion: 5
  m_Component:
  - component: {fileID: 4006203351652144}
  m_Layer: 0
  m_Name: Alien_L_Thumb3
  m_TagString: Untagged
  m_Icon: {fileID: 0}
  m_NavMeshLayer: 0
  m_StaticEditorFlags: 0
  m_IsActive: 1
--- !u!1 &1800854053461528
GameObject:
  m_ObjectHideFlags: 1
  m_PrefabParentObject: {fileID: 0}
  m_PrefabInternal: {fileID: 100100000}
  serializedVersion: 5
  m_Component:
  - component: {fileID: 4672320313365386}
  m_Layer: 0
  m_Name: Alien_R_Shoulder
  m_TagString: Untagged
  m_Icon: {fileID: 0}
  m_NavMeshLayer: 0
  m_StaticEditorFlags: 0
  m_IsActive: 1
--- !u!1 &1810009823435212
GameObject:
  m_ObjectHideFlags: 0
  m_PrefabParentObject: {fileID: 0}
  m_PrefabInternal: {fileID: 100100000}
  serializedVersion: 5
  m_Component:
  - component: {fileID: 4296782066455330}
  m_Layer: 0
  m_Name: Alien_R_Thumb2Gizmo
  m_TagString: Untagged
  m_Icon: {fileID: 0}
  m_NavMeshLayer: 0
  m_StaticEditorFlags: 0
  m_IsActive: 1
--- !u!1 &1817893800511232
GameObject:
  m_ObjectHideFlags: 1
  m_PrefabParentObject: {fileID: 0}
  m_PrefabInternal: {fileID: 100100000}
  serializedVersion: 5
  m_Component:
  - component: {fileID: 4144624183784688}
  m_Layer: 0
  m_Name: Alien_R_Middle2
  m_TagString: Untagged
  m_Icon: {fileID: 0}
  m_NavMeshLayer: 0
  m_StaticEditorFlags: 0
  m_IsActive: 1
--- !u!1 &1818799502101958
GameObject:
  m_ObjectHideFlags: 1
  m_PrefabParentObject: {fileID: 0}
  m_PrefabInternal: {fileID: 100100000}
  serializedVersion: 5
  m_Component:
  - component: {fileID: 4258219957136544}
  m_Layer: 0
  m_Name: Alien_R_Forefinger1
  m_TagString: Untagged
  m_Icon: {fileID: 0}
  m_NavMeshLayer: 0
  m_StaticEditorFlags: 0
  m_IsActive: 1
--- !u!1 &1834089085208020
GameObject:
  m_ObjectHideFlags: 1
  m_PrefabParentObject: {fileID: 0}
  m_PrefabInternal: {fileID: 100100000}
  serializedVersion: 5
  m_Component:
  - component: {fileID: 4733252540762668}
  m_Layer: 0
  m_Name: Alien_Toes 1
  m_TagString: Untagged
  m_Icon: {fileID: 0}
  m_NavMeshLayer: 0
  m_StaticEditorFlags: 0
  m_IsActive: 1
--- !u!1 &1837063879331792
GameObject:
  m_ObjectHideFlags: 1
  m_PrefabParentObject: {fileID: 0}
  m_PrefabInternal: {fileID: 100100000}
  serializedVersion: 5
  m_Component:
  - component: {fileID: 4387808393352884}
  - component: {fileID: 137474736281141346}
  m_Layer: 0
  m_Name: Eyes
  m_TagString: Untagged
  m_Icon: {fileID: 0}
  m_NavMeshLayer: 0
  m_StaticEditorFlags: 0
  m_IsActive: 1
--- !u!1 &1837084250247052
GameObject:
  m_ObjectHideFlags: 1
  m_PrefabParentObject: {fileID: 0}
  m_PrefabInternal: {fileID: 100100000}
  serializedVersion: 5
  m_Component:
  - component: {fileID: 4697234072987968}
  m_Layer: 0
  m_Name: Alien_L_Upper_Arm
  m_TagString: Untagged
  m_Icon: {fileID: 0}
  m_NavMeshLayer: 0
  m_StaticEditorFlags: 0
  m_IsActive: 1
--- !u!1 &1843448902820764
GameObject:
  m_ObjectHideFlags: 0
  m_PrefabParentObject: {fileID: 0}
  m_PrefabInternal: {fileID: 100100000}
  serializedVersion: 5
  m_Component:
  - component: {fileID: 4532584727953160}
  m_Layer: 0
  m_Name: Alien_R_Forefinger1Gizmo
  m_TagString: Untagged
  m_Icon: {fileID: 0}
  m_NavMeshLayer: 0
  m_StaticEditorFlags: 0
  m_IsActive: 1
--- !u!1 &1869317201441276
GameObject:
  m_ObjectHideFlags: 1
  m_PrefabParentObject: {fileID: 0}
  m_PrefabInternal: {fileID: 100100000}
  serializedVersion: 5
  m_Component:
  - component: {fileID: 4205942654950666}
  - component: {fileID: 137379494832533986}
  m_Layer: 0
  m_Name: Neck Armor
  m_TagString: Untagged
  m_Icon: {fileID: 0}
  m_NavMeshLayer: 0
  m_StaticEditorFlags: 0
  m_IsActive: 1
--- !u!1 &1871756250444978
GameObject:
  m_ObjectHideFlags: 1
  m_PrefabParentObject: {fileID: 0}
  m_PrefabInternal: {fileID: 100100000}
  serializedVersion: 5
  m_Component:
  - component: {fileID: 4077325695008980}
  m_Layer: 0
  m_Name: Alien_R_Forefinger2
  m_TagString: Untagged
  m_Icon: {fileID: 0}
  m_NavMeshLayer: 0
  m_StaticEditorFlags: 0
  m_IsActive: 1
--- !u!1 &1872303523717876
GameObject:
  m_ObjectHideFlags: 1
  m_PrefabParentObject: {fileID: 0}
  m_PrefabInternal: {fileID: 100100000}
  serializedVersion: 5
  m_Component:
  - component: {fileID: 4197174093726884}
  m_Layer: 0
  m_Name: Alien_R_Hand
  m_TagString: Untagged
  m_Icon: {fileID: 0}
  m_NavMeshLayer: 0
  m_StaticEditorFlags: 0
  m_IsActive: 1
--- !u!1 &1912966118923366
GameObject:
  m_ObjectHideFlags: 0
  m_PrefabParentObject: {fileID: 0}
  m_PrefabInternal: {fileID: 100100000}
  serializedVersion: 5
  m_Component:
  - component: {fileID: 4766823768873714}
  m_Layer: 0
  m_Name: Alien_L_Thumb2Gizmo
  m_TagString: Untagged
  m_Icon: {fileID: 0}
  m_NavMeshLayer: 0
  m_StaticEditorFlags: 0
  m_IsActive: 1
--- !u!1 &1913441518601248
GameObject:
  m_ObjectHideFlags: 1
  m_PrefabParentObject: {fileID: 0}
  m_PrefabInternal: {fileID: 100100000}
  serializedVersion: 5
  m_Component:
  - component: {fileID: 4431516176232918}
  m_Layer: 0
  m_Name: Alien_Frontskirt3
  m_TagString: Untagged
  m_Icon: {fileID: 0}
  m_NavMeshLayer: 0
  m_StaticEditorFlags: 0
  m_IsActive: 1
--- !u!1 &1917502230759576
GameObject:
  m_ObjectHideFlags: 0
  m_PrefabParentObject: {fileID: 0}
  m_PrefabInternal: {fileID: 100100000}
  serializedVersion: 5
  m_Component:
  - component: {fileID: 4320717949038830}
  m_Layer: 0
  m_Name: Alien_Tail1Gizmo 1
  m_TagString: Untagged
  m_Icon: {fileID: 0}
  m_NavMeshLayer: 0
  m_StaticEditorFlags: 0
  m_IsActive: 1
--- !u!1 &1922684496147648
GameObject:
  m_ObjectHideFlags: 1
  m_PrefabParentObject: {fileID: 0}
  m_PrefabInternal: {fileID: 100100000}
  serializedVersion: 5
  m_Component:
  - component: {fileID: 4938502759900840}
  m_Layer: 0
  m_Name: Alien_R_Thumb2
  m_TagString: Untagged
  m_Icon: {fileID: 0}
  m_NavMeshLayer: 0
  m_StaticEditorFlags: 0
  m_IsActive: 1
--- !u!1 &1930845475348012
GameObject:
  m_ObjectHideFlags: 0
  m_PrefabParentObject: {fileID: 0}
  m_PrefabInternal: {fileID: 100100000}
  serializedVersion: 5
  m_Component:
  - component: {fileID: 4624301489442122}
  m_Layer: 0
  m_Name: Alien_ChestGizmo
  m_TagString: Untagged
  m_Icon: {fileID: 0}
  m_NavMeshLayer: 0
  m_StaticEditorFlags: 0
  m_IsActive: 1
--- !u!1 &1944383582240424
GameObject:
  m_ObjectHideFlags: 1
  m_PrefabParentObject: {fileID: 0}
  m_PrefabInternal: {fileID: 100100000}
  serializedVersion: 5
  m_Component:
  - component: {fileID: 4706113273490664}
  m_Layer: 0
  m_Name: Alien_R_Upper_Leg
  m_TagString: Untagged
  m_Icon: {fileID: 0}
  m_NavMeshLayer: 0
  m_StaticEditorFlags: 0
  m_IsActive: 1
--- !u!1 &1947154719309932
GameObject:
  m_ObjectHideFlags: 1
  m_PrefabParentObject: {fileID: 0}
  m_PrefabInternal: {fileID: 100100000}
  serializedVersion: 5
  m_Component:
  - component: {fileID: 4502676824005362}
  m_Layer: 0
  m_Name: Alien_L_Middle2
  m_TagString: Untagged
  m_Icon: {fileID: 0}
  m_NavMeshLayer: 0
  m_StaticEditorFlags: 0
  m_IsActive: 1
--- !u!1 &1958138025777800
GameObject:
  m_ObjectHideFlags: 0
  m_PrefabParentObject: {fileID: 0}
  m_PrefabInternal: {fileID: 100100000}
  serializedVersion: 5
  m_Component:
  - component: {fileID: 4987621196798606}
  m_Layer: 0
  m_Name: Alien_L_Thumb3Gizmo
  m_TagString: Untagged
  m_Icon: {fileID: 0}
  m_NavMeshLayer: 0
  m_StaticEditorFlags: 0
  m_IsActive: 1
--- !u!1 &1960226401926514
GameObject:
  m_ObjectHideFlags: 1
  m_PrefabParentObject: {fileID: 0}
  m_PrefabInternal: {fileID: 100100000}
  serializedVersion: 5
  m_Component:
  - component: {fileID: 4317676447526814}
  m_Layer: 0
  m_Name: Alien_Tail1
  m_TagString: Untagged
  m_Icon: {fileID: 0}
  m_NavMeshLayer: 0
  m_StaticEditorFlags: 0
  m_IsActive: 1
--- !u!4 &4000326988466006
Transform:
  m_ObjectHideFlags: 1
  m_PrefabParentObject: {fileID: 0}
  m_PrefabInternal: {fileID: 100100000}
  m_GameObject: {fileID: 1140137370072344}
  m_LocalRotation: {x: 0.06392173, y: 0.87229395, z: 0.049154054, w: 0.48228747}
  m_LocalPosition: {x: 213.56523, y: 467.42416, z: -15.382367}
  m_LocalScale: {x: 25.400005, y: 25.399967, z: 25.400026}
  m_Children: []
  m_Father: {fileID: 4856212534182546}
  m_RootOrder: 28
  m_LocalEulerAnglesHint: {x: 0, y: 0, z: 0}
--- !u!4 &4006203351652144
Transform:
  m_ObjectHideFlags: 1
  m_PrefabParentObject: {fileID: 0}
  m_PrefabInternal: {fileID: 100100000}
  m_GameObject: {fileID: 1797728520179532}
  m_LocalRotation: {x: 0.08142068, y: 0.014165757, z: 0.24031912, w: 0.96716946}
  m_LocalPosition: {x: -0.65064955, y: -0.0000019073486, z: 0}
  m_LocalScale: {x: 0.99999446, y: 1.0000056, z: 1.0000002}
  m_Children: []
  m_Father: {fileID: 4118342866843702}
  m_RootOrder: 0
  m_LocalEulerAnglesHint: {x: 0, y: 0, z: 0}
--- !u!4 &4028947407674968
Transform:
  m_ObjectHideFlags: 1
  m_PrefabParentObject: {fileID: 0}
  m_PrefabInternal: {fileID: 100100000}
  m_GameObject: {fileID: 1500329369493422}
  m_LocalRotation: {x: -1.4889702e-11, y: 0.00000015184413, z: 0.99985373, w: -0.017104035}
  m_LocalPosition: {x: 1.5757198, y: -1.8327255, z: 0.00000027673374}
  m_LocalScale: {x: 1, y: 1, z: 1}
  m_Children:
  - {fileID: 4434855759500540}
  m_Father: {fileID: 4360103499054670}
  m_RootOrder: 4
  m_LocalEulerAnglesHint: {x: 0, y: 0, z: 0}
--- !u!4 &4060985403314652
Transform:
  m_ObjectHideFlags: 1
  m_PrefabParentObject: {fileID: 0}
  m_PrefabInternal: {fileID: 100100000}
  m_GameObject: {fileID: 1529664024170222}
  m_LocalRotation: {x: -0.00853967, y: -0.01528984, z: 0.18314195, w: 0.98293054}
  m_LocalPosition: {x: -0.65512943, y: 0.0000009536743, z: -0.00000023841858}
  m_LocalScale: {x: 0.99999934, y: 1.0000011, z: 1.0000002}
  m_Children: []
  m_Father: {fileID: 4502676824005362}
  m_RootOrder: 0
  m_LocalEulerAnglesHint: {x: 0, y: 0, z: 0}
--- !u!4 &4066903804771060
Transform:
  m_ObjectHideFlags: 1
  m_PrefabParentObject: {fileID: 0}
  m_PrefabInternal: {fileID: 100100000}
  m_GameObject: {fileID: 1043278607577550}
  m_LocalRotation: {x: 0.0014797217, y: -0.00956899, z: 0.1479793, w: 0.9889431}
  m_LocalPosition: {x: -1.5732985, y: 0.37230873, z: 0.14830804}
  m_LocalScale: {x: 0.99999255, y: 1.0000074, z: 1.0000002}
  m_Children:
  - {fileID: 4474917589574916}
  m_Father: {fileID: 4561545723503100}
  m_RootOrder: 0
  m_LocalEulerAnglesHint: {x: 0, y: 0, z: 0}
--- !u!4 &4077325695008980
Transform:
  m_ObjectHideFlags: 1
  m_PrefabParentObject: {fileID: 0}
  m_PrefabInternal: {fileID: 100100000}
  m_GameObject: {fileID: 1871756250444978}
  m_LocalRotation: {x: 0.0027371927, y: -0.05075242, z: 0.15893443, w: 0.98598}
  m_LocalPosition: {x: -1.0631156, y: 0.000005722046, z: 0}
  m_LocalScale: {x: 0.999997, y: 1.0000032, z: 0.9999999}
  m_Children:
  - {fileID: 4463506659707314}
  m_Father: {fileID: 4258219957136544}
  m_RootOrder: 0
  m_LocalEulerAnglesHint: {x: 0, y: 0, z: 0}
--- !u!4 &4094037676156450
Transform:
  m_ObjectHideFlags: 1
  m_PrefabParentObject: {fileID: 0}
  m_PrefabInternal: {fileID: 100100000}
  m_GameObject: {fileID: 1366528026402132}
  m_LocalRotation: {x: 0.50000006, y: -0.50000006, z: -0.49999997, w: 0.49999997}
  m_LocalPosition: {x: 1.1279866e-11, y: 420.05865, z: -5.2982483}
  m_LocalScale: {x: 25.4, y: 25.4, z: 25.4}
  m_Children: []
  m_Father: {fileID: 4856212534182546}
  m_RootOrder: 5
  m_LocalEulerAnglesHint: {x: 0, y: 0, z: 0}
--- !u!4 &4100056829370096
Transform:
  m_ObjectHideFlags: 1
  m_PrefabParentObject: {fileID: 0}
  m_PrefabInternal: {fileID: 100100000}
  m_GameObject: {fileID: 1448534453416592}
  m_LocalRotation: {x: 0.2857719, y: 0.9468702, z: -0.07078456, w: 0.12946393}
  m_LocalPosition: {x: 207.8063, y: 468.1171, z: -28.465483}
  m_LocalScale: {x: 25.40001, y: 25.39999, z: 25.400002}
  m_Children: []
  m_Father: {fileID: 4856212534182546}
  m_RootOrder: 22
  m_LocalEulerAnglesHint: {x: 0, y: 0, z: 0}
--- !u!4 &4114501266177556
Transform:
  m_ObjectHideFlags: 1
  m_PrefabParentObject: {fileID: 0}
  m_PrefabInternal: {fileID: 100100000}
  m_GameObject: {fileID: 1511970102179996}
  m_LocalRotation: {x: 0.15770797, y: 0.6859537, z: 0.6399064, w: 0.30840808}
  m_LocalPosition: {x: 127.338806, y: 532.8135, z: -51.892452}
  m_LocalScale: {x: 25.4, y: 25.4, z: 25.4}
  m_Children: []
  m_Father: {fileID: 4856212534182546}
  m_RootOrder: 23
  m_LocalEulerAnglesHint: {x: 0, y: 0, z: 0}
--- !u!4 &4118342866843702
Transform:
  m_ObjectHideFlags: 1
  m_PrefabParentObject: {fileID: 0}
  m_PrefabInternal: {fileID: 100100000}
  m_GameObject: {fileID: 1054032792868654}
  m_LocalRotation: {x: -0.011670335, y: 0.043389186, z: 0.13481645, w: 0.98985136}
  m_LocalPosition: {x: -0.7611158, y: 0.0000019073486, z: -0.00000047683716}
  m_LocalScale: {x: 1.0000012, y: 0.99999785, z: 1.0000008}
  m_Children:
  - {fileID: 4006203351652144}
  m_Father: {fileID: 4954143137132942}
  m_RootOrder: 0
  m_LocalEulerAnglesHint: {x: 0, y: 0, z: 0}
--- !u!4 &4133439009036572
Transform:
  m_ObjectHideFlags: 1
  m_PrefabParentObject: {fileID: 0}
  m_PrefabInternal: {fileID: 100100000}
  m_GameObject: {fileID: 1022907637722750}
  m_LocalRotation: {x: 0.05655854, y: 0.7095812, z: 0.053881835, w: 0.70028025}
  m_LocalPosition: {x: 58.11767, y: 11.568816, z: 11.448929}
  m_LocalScale: {x: 25.399998, y: 25.400002, z: 25.400005}
  m_Children: []
  m_Father: {fileID: 4856212534182546}
  m_RootOrder: 37
  m_LocalEulerAnglesHint: {x: 0, y: 0, z: 0}
--- !u!4 &4144153652230212
Transform:
  m_ObjectHideFlags: 1
  m_PrefabParentObject: {fileID: 0}
  m_PrefabInternal: {fileID: 100100000}
  m_GameObject: {fileID: 1475053871817838}
  m_LocalRotation: {x: -0.23783724, y: -0.32516074, z: -0.14825079, w: 0.9031753}
  m_LocalPosition: {x: -0.34348297, y: 0.07337189, z: -0.44056463}
  m_LocalScale: {x: 1.0000005, y: 0.9999974, z: 1.0000021}
  m_Children:
  - {fileID: 4938502759900840}
  m_Father: {fileID: 4197174093726884}
  m_RootOrder: 2
  m_LocalEulerAnglesHint: {x: 0, y: 0, z: 0}
--- !u!4 &4144624183784688
Transform:
  m_ObjectHideFlags: 1
  m_PrefabParentObject: {fileID: 0}
  m_PrefabInternal: {fileID: 100100000}
  m_GameObject: {fileID: 1817893800511232}
  m_LocalRotation: {x: -0.032062806, y: 0.005044053, z: 0.18201582, w: 0.9827598}
  m_LocalPosition: {x: -1.0233746, y: 0.0000076293945, z: -0.0000009536743}
  m_LocalScale: {x: 0.9999938, y: 1.0000058, z: 1.0000004}
  m_Children:
  - {fileID: 4950153314354386}
  m_Father: {fileID: 4520566895760330}
  m_RootOrder: 0
  m_LocalEulerAnglesHint: {x: 0, y: 0, z: 0}
--- !u!4 &4151340311016878
Transform:
  m_ObjectHideFlags: 1
  m_PrefabParentObject: {fileID: 0}
  m_PrefabInternal: {fileID: 100100000}
  m_GameObject: {fileID: 1494407124104212}
  m_LocalRotation: {x: 0.6399064, y: 0.30840883, z: 0.15770842, w: 0.6859532}
  m_LocalPosition: {x: -127.33878, y: 532.81354, z: -51.89251}
  m_LocalScale: {x: 25.39997, y: 25.4, z: 25.40003}
  m_Children: []
  m_Father: {fileID: 4856212534182546}
  m_RootOrder: 10
  m_LocalEulerAnglesHint: {x: 0, y: 0, z: 0}
--- !u!4 &4160778661268838
Transform:
  m_ObjectHideFlags: 1
  m_PrefabParentObject: {fileID: 0}
  m_PrefabInternal: {fileID: 100100000}
  m_GameObject: {fileID: 1775339912393080}
  m_LocalRotation: {x: 0.010906495, y: -0.003498619, z: -0.46668652, w: 0.8843487}
  m_LocalPosition: {x: -8.416281, y: -0.00000023841858, z: 0}
  m_LocalScale: {x: 0.9999999, y: 1.0000001, z: 0.9999999}
  m_Children:
  - {fileID: 4733252540762668}
  m_Father: {fileID: 4945464512193624}
  m_RootOrder: 0
  m_LocalEulerAnglesHint: {x: 0, y: 0, z: 0}
--- !u!4 &4162025184174968
Transform:
  m_ObjectHideFlags: 1
  m_PrefabParentObject: {fileID: 0}
  m_PrefabInternal: {fileID: 100100000}
  m_GameObject: {fileID: 1099972206797768}
  m_LocalRotation: {x: 0.3308526, y: 0.6578954, z: 0.66160977, w: 0.14136027}
  m_LocalPosition: {x: 45.096, y: 601.88116, z: -23.950592}
  m_LocalScale: {x: 25.4, y: 25.4, z: 25.4}
  m_Children: []
  m_Father: {fileID: 4856212534182546}
  m_RootOrder: 31
  m_LocalEulerAnglesHint: {x: 0, y: 0, z: 0}
--- !u!4 &4189004945008932
Transform:
  m_ObjectHideFlags: 1
  m_PrefabParentObject: {fileID: 0}
  m_PrefabInternal: {fileID: 100100000}
  m_GameObject: {fileID: 1441577063189960}
  m_LocalRotation: {x: 0.5094414, y: 0.49037686, z: -0.5094414, w: -0.49037686}
  m_LocalPosition: {x: 1.30846445e-11, y: 265.40573, z: 37.829094}
  m_LocalScale: {x: 25.400002, y: 25.400002, z: 25.4}
  m_Children: []
  m_Father: {fileID: 4856212534182546}
  m_RootOrder: 36
  m_LocalEulerAnglesHint: {x: 0, y: 0, z: 0}
--- !u!4 &4197174093726884
Transform:
  m_ObjectHideFlags: 1
  m_PrefabParentObject: {fileID: 0}
  m_PrefabInternal: {fileID: 100100000}
  m_GameObject: {fileID: 1872303523717876}
  m_LocalRotation: {x: 0.72217983, y: 0.009187404, z: -0.057979103, w: 0.68920994}
  m_LocalPosition: {x: -4.168298, y: -0.0000038146973, z: 0.000017166138}
  m_LocalScale: {x: 1.0000007, y: 0.9999992, z: 1.0000001}
  m_Children:
  - {fileID: 4258219957136544}
  - {fileID: 4520566895760330}
  - {fileID: 4144153652230212}
  m_Father: {fileID: 4658796095961204}
  m_RootOrder: 0
  m_LocalEulerAnglesHint: {x: 0, y: 0, z: 0}
--- !u!4 &4200023966901032
Transform:
  m_ObjectHideFlags: 1
  m_PrefabParentObject: {fileID: 0}
  m_PrefabInternal: {fileID: 100100000}
  m_GameObject: {fileID: 1287426004525614}
  m_LocalRotation: {x: -0.003966858, y: 0.001485763, z: -0.30945796, w: 0.9509037}
  m_LocalPosition: {x: -1.89326, y: 0.2131738, z: -0.2303412}
  m_LocalScale: {x: 0.99999964, y: 0.9999998, z: 1}
  m_Children: []
  m_Father: {fileID: 4737558252570040}
  m_RootOrder: 0
  m_LocalEulerAnglesHint: {x: 0, y: 0, z: 0}
--- !u!4 &4205942654950666
Transform:
  m_ObjectHideFlags: 1
  m_PrefabParentObject: {fileID: 0}
  m_PrefabInternal: {fileID: 100100000}
  m_GameObject: {fileID: 1869317201441276}
  m_LocalRotation: {x: 0, y: -0, z: -0, w: 1}
  m_LocalPosition: {x: -0, y: 0, z: 0}
  m_LocalScale: {x: 1, y: 1, z: 1}
  m_Children: []
  m_Father: {fileID: 4994891812628070}
  m_RootOrder: 2
  m_LocalEulerAnglesHint: {x: 0, y: 0, z: 0}
--- !u!4 &4233796981214800
Transform:
  m_ObjectHideFlags: 1
  m_PrefabParentObject: {fileID: 0}
  m_PrefabInternal: {fileID: 100100000}
  m_GameObject: {fileID: 1175227473394436}
  m_LocalRotation: {x: 0.0051279855, y: 0.03237952, z: 0.18061648, w: 0.98300713}
  m_LocalPosition: {x: -0.6856508, y: 0.0000009536743, z: 0}
  m_LocalScale: {x: 0.99999875, y: 1.0000012, z: 1.0000001}
  m_Children: []
  m_Father: {fileID: 4474917589574916}
  m_RootOrder: 0
  m_LocalEulerAnglesHint: {x: 0, y: 0, z: 0}
--- !u!4 &4258219957136544
Transform:
  m_ObjectHideFlags: 1
  m_PrefabParentObject: {fileID: 0}
  m_PrefabInternal: {fileID: 100100000}
  m_GameObject: {fileID: 1818799502101958}
  m_LocalRotation: {x: -0.0014792135, y: 0.0095690545, z: 0.14797643, w: 0.9889435}
  m_LocalPosition: {x: -1.5733004, y: 0.37231255, z: -0.1483078}
  m_LocalScale: {x: 0.9999991, y: 1.000001, z: 1.0000001}
  m_Children:
  - {fileID: 4077325695008980}
  m_Father: {fileID: 4197174093726884}
  m_RootOrder: 0
  m_LocalEulerAnglesHint: {x: 0, y: 0, z: 0}
--- !u!4 &4271482124789434
Transform:
  m_ObjectHideFlags: 1
  m_PrefabParentObject: {fileID: 0}
  m_PrefabInternal: {fileID: 100100000}
  m_GameObject: {fileID: 1208147345304462}
  m_LocalRotation: {x: 0, y: -0, z: -0, w: 1}
  m_LocalPosition: {x: -0, y: 0, z: -0.00000023841858}
  m_LocalScale: {x: 1, y: 1, z: 1}
  m_Children: []
  m_Father: {fileID: 4994891812628070}
  m_RootOrder: 1
  m_LocalEulerAnglesHint: {x: 0, y: 0, z: 0}
--- !u!4 &4296782066455330
Transform:
  m_ObjectHideFlags: 1
  m_PrefabParentObject: {fileID: 0}
  m_PrefabInternal: {fileID: 100100000}
  m_GameObject: {fileID: 1810009823435212}
  m_LocalRotation: {x: 0.18863423, y: 0.8344715, z: 0.10072118, w: 0.50786775}
  m_LocalPosition: {x: 223.74615, y: 464.35168, z: 0.76224303}
  m_LocalScale: {x: 25.400002, y: 25.399967, z: 25.400028}
  m_Children: []
  m_Father: {fileID: 4856212534182546}
  m_RootOrder: 29
  m_LocalEulerAnglesHint: {x: 0, y: 0, z: 0}
--- !u!4 &4317676447526814
Transform:
  m_ObjectHideFlags: 1
  m_PrefabParentObject: {fileID: 0}
  m_PrefabInternal: {fileID: 100100000}
  m_GameObject: {fileID: 1960226401926514}
  m_LocalRotation: {x: -1.4889702e-11, y: 0.00000015184413, z: 0.99985373, w: -0.017104035}
  m_LocalPosition: {x: 1.5757198, y: 1.535098, z: -0.00000023179342}
  m_LocalScale: {x: 1, y: 1, z: 1}
  m_Children:
  - {fileID: 4773208360851602}
  m_Father: {fileID: 4360103499054670}
  m_RootOrder: 3
  m_LocalEulerAnglesHint: {x: 0, y: 0, z: 0}
--- !u!4 &4320717949038830
Transform:
  m_ObjectHideFlags: 1
  m_PrefabParentObject: {fileID: 0}
  m_PrefabInternal: {fileID: 100100000}
  m_GameObject: {fileID: 1917502230759576}
  m_LocalRotation: {x: 0.50847894, y: 0.4913748, z: -0.50847894, w: -0.4913748}
  m_LocalPosition: {x: 1.30846445e-11, y: 380.03537, z: 33.693245}
  m_LocalScale: {x: 25.4, y: 25.4, z: 25.4}
  m_Children: []
  m_Father: {fileID: 4856212534182546}
  m_RootOrder: 33
  m_LocalEulerAnglesHint: {x: 0, y: 0, z: 0}
--- !u!4 &4321655705202058
Transform:
  m_ObjectHideFlags: 1
  m_PrefabParentObject: {fileID: 0}
  m_PrefabInternal: {fileID: 100100000}
  m_GameObject: {fileID: 1114836964914000}
  m_LocalRotation: {x: -1.2863899e-14, y: -0.000000011906318, z: -0.078852, w: 0.9968863}
  m_LocalPosition: {x: -2.7908592, y: 0, z: 0}
  m_LocalScale: {x: 0.9999999, y: 0.9999999, z: 1}
  m_Children:
  - {fileID: 4729287255948344}
  - {fileID: 4443020293830434}
  - {fileID: 4672320313365386}
  m_Father: {fileID: 4467237368871980}
  m_RootOrder: 0
  m_LocalEulerAnglesHint: {x: 0, y: 0, z: 0}
--- !u!4 &4326844274374698
Transform:
  m_ObjectHideFlags: 1
  m_PrefabParentObject: {fileID: 0}
  m_PrefabInternal: {fileID: 100100000}
  m_GameObject: {fileID: 1198462291560284}
  m_LocalRotation: {x: 0.50000006, y: -0.50000006, z: -0.49999997, w: 0.49999997}
  m_LocalPosition: {x: -0, y: 0, z: 0}
  m_LocalScale: {x: 25.4, y: 25.4, z: 25.4}
  m_Children:
  - {fileID: 4716675161619548}
  m_Father: {fileID: 4856212534182546}
  m_RootOrder: 1
  m_LocalEulerAnglesHint: {x: 0, y: 0, z: 0}
--- !u!4 &4360103499054670
Transform:
  m_ObjectHideFlags: 1
  m_PrefabParentObject: {fileID: 0}
  m_PrefabInternal: {fileID: 100100000}
  m_GameObject: {fileID: 1360232077053590}
  m_LocalRotation: {x: 0.50000006, y: -0.50000006, z: -0.49999997, w: 0.49999997}
  m_LocalPosition: {x: 1.1279866e-11, y: 420.05865, z: -5.2982483}
  m_LocalScale: {x: 25.4, y: 25.4, z: 25.4}
  m_Children:
  - {fileID: 4428883634725788}
  - {fileID: 4706113273490664}
  - {fileID: 4467237368871980}
  - {fileID: 4317676447526814}
  - {fileID: 4028947407674968}
  m_Father: {fileID: 4856212534182546}
  m_RootOrder: 4
  m_LocalEulerAnglesHint: {x: 0, y: 0, z: 0}
--- !u!4 &4361568019269894
Transform:
  m_ObjectHideFlags: 1
  m_PrefabParentObject: {fileID: 0}
  m_PrefabInternal: {fileID: 100100000}
  m_GameObject: {fileID: 1713427270776840}
  m_LocalRotation: {x: 0.50847894, y: 0.4913748, z: -0.50847894, w: -0.4913748}
  m_LocalPosition: {x: 1.34456e-11, y: 380.03537, z: -51.84947}
  m_LocalScale: {x: 25.4, y: 25.4, z: 25.4}
  m_Children: []
  m_Father: {fileID: 4856212534182546}
  m_RootOrder: 32
  m_LocalEulerAnglesHint: {x: 0, y: 0, z: 0}
--- !u!4 &4372318758964328
Transform:
  m_ObjectHideFlags: 1
  m_PrefabParentObject: {fileID: 0}
  m_PrefabInternal: {fileID: 100100000}
  m_GameObject: {fileID: 1557625052971652}
  m_LocalRotation: {x: -0.101741664, y: 0.054458063, z: 0.6568472, w: 0.7451408}
  m_LocalPosition: {x: -249.26022, y: 425.54404, z: -25.601337}
  m_LocalScale: {x: 25.399916, y: 25.400084, z: 25.400005}
  m_Children: []
  m_Father: {fileID: 4856212534182546}
  m_RootOrder: 12
  m_LocalEulerAnglesHint: {x: 0, y: 0, z: 0}
--- !u!4 &4376104191321794
Transform:
  m_ObjectHideFlags: 1
  m_PrefabParentObject: {fileID: 0}
  m_PrefabInternal: {fileID: 100100000}
  m_GameObject: {fileID: 1149856626783934}
  m_LocalRotation: {x: -0.049342662, y: 0.17976055, z: 0.55758554, w: 0.8089189}
  m_LocalPosition: {x: -260.84036, y: 435.68484, z: -6.668143}
  m_LocalScale: {x: 25.399889, y: 25.400131, z: 25.400002}
  m_Children: []
  m_Father: {fileID: 4856212534182546}
  m_RootOrder: 7
  m_LocalEulerAnglesHint: {x: 0, y: 0, z: 0}
--- !u!4 &4387581561657618
Transform:
  m_ObjectHideFlags: 1
  m_PrefabParentObject: {fileID: 0}
  m_PrefabInternal: {fileID: 100100000}
  m_GameObject: {fileID: 1368760876124948}
  m_LocalRotation: {x: 0.000000012410425, y: 0, z: -0, w: 1}
  m_LocalPosition: {x: -0, y: 0.0000009536743, z: 2.2737368e-13}
  m_LocalScale: {x: 1, y: 1, z: 1}
  m_Children: []
  m_Father: {fileID: 4994891812628070}
  m_RootOrder: 3
  m_LocalEulerAnglesHint: {x: 0, y: 0, z: 0}
--- !u!4 &4387808393352884
Transform:
  m_ObjectHideFlags: 1
  m_PrefabParentObject: {fileID: 0}
  m_PrefabInternal: {fileID: 100100000}
  m_GameObject: {fileID: 1837063879331792}
  m_LocalRotation: {x: 0, y: -0, z: -0, w: 1}
  m_LocalPosition: {x: -0, y: -0.0000009536743, z: 0}
  m_LocalScale: {x: 1, y: 1, z: 1}
  m_Children: []
  m_Father: {fileID: 4994891812628070}
  m_RootOrder: 0
  m_LocalEulerAnglesHint: {x: 0, y: 0, z: 0}
--- !u!4 &4428883634725788
Transform:
  m_ObjectHideFlags: 1
  m_PrefabParentObject: {fileID: 0}
  m_PrefabInternal: {fileID: 100100000}
  m_GameObject: {fileID: 1381849409074788}
  m_LocalRotation: {x: -0.05509239, y: 0.9984461, z: 0.0003023729, w: 0.008370288}
  m_LocalPosition: {x: -0, y: 0, z: 1.7329161}
  m_LocalScale: {x: 0.9999998, y: 1, z: 1}
  m_Children:
  - {fileID: 4514973936416384}
  m_Father: {fileID: 4360103499054670}
  m_RootOrder: 0
  m_LocalEulerAnglesHint: {x: 0, y: 0, z: 0}
--- !u!4 &4431516176232918
Transform:
  m_ObjectHideFlags: 1
  m_PrefabParentObject: {fileID: 0}
  m_PrefabInternal: {fileID: 100100000}
  m_GameObject: {fileID: 1913441518601248}
  m_LocalRotation: {x: -6.460108e-15, y: 1.2032884e-23, z: -0.0000000018626445, w: 1}
  m_LocalPosition: {x: -2.1356754, y: 0, z: 0}
  m_LocalScale: {x: 1.0000004, y: 1.0000004, z: 1}
  m_Children: []
  m_Father: {fileID: 4773208360851602}
  m_RootOrder: 0
  m_LocalEulerAnglesHint: {x: 0, y: 0, z: 0}
--- !u!4 &4434855759500540
Transform:
  m_ObjectHideFlags: 1
  m_PrefabParentObject: {fileID: 0}
  m_PrefabInternal: {fileID: 100100000}
  m_GameObject: {fileID: 1227048977863738}
  m_LocalRotation: {x: -3.913537e-15, y: -2.2204463e-16, z: -0.0000000018626456, w: 1}
  m_LocalPosition: {x: -2.2706137, y: -0.00000011920929, z: 0}
  m_LocalScale: {x: 0.9999998, y: 0.9999998, z: 1}
  m_Children: []
  m_Father: {fileID: 4028947407674968}
  m_RootOrder: 0
  m_LocalEulerAnglesHint: {x: 0, y: 0, z: 0}
--- !u!4 &4443020293830434
Transform:
  m_ObjectHideFlags: 1
  m_PrefabParentObject: {fileID: 0}
  m_PrefabInternal: {fileID: 100100000}
  m_GameObject: {fileID: 1143600761601048}
  m_LocalRotation: {x: 0.0000008395398, y: -0.0000125448705, z: -0.16695715, w: 0.9859642}
  m_LocalPosition: {x: -2.9826412, y: -0.48944497, z: 0.000000073904275}
  m_LocalScale: {x: 0.99999994, y: 0.99999994, z: 1}
  m_Children:
  - {fileID: 4815126739361014}
  m_Father: {fileID: 4321655705202058}
  m_RootOrder: 1
  m_LocalEulerAnglesHint: {x: 0, y: 0, z: 0}
--- !u!4 &4449764467357908
Transform:
  m_ObjectHideFlags: 1
  m_PrefabParentObject: {fileID: 0}
  m_PrefabInternal: {fileID: 100100000}
  m_GameObject: {fileID: 1700843079091808}
  m_LocalRotation: {x: 0.046902418, y: -0.0014390629, z: -0.23678276, w: 0.9704288}
  m_LocalPosition: {x: -4.369009, y: -0.00000023841858, z: 0}
  m_LocalScale: {x: 0.999999, y: 0.9999998, z: 1.0000008}
  m_Children:
  - {fileID: 4561545723503100}
  m_Father: {fileID: 4697234072987968}
  m_RootOrder: 0
  m_LocalEulerAnglesHint: {x: 0, y: 0, z: 0}
--- !u!4 &4456889380470226
Transform:
  m_ObjectHideFlags: 1
  m_PrefabParentObject: {fileID: 0}
  m_PrefabInternal: {fileID: 100100000}
  m_GameObject: {fileID: 1661557884118952}
  m_LocalRotation: {x: -0.0814236, y: -0.014164312, z: 0.24031785, w: 0.9671695}
  m_LocalPosition: {x: -0.6506491, y: -0.0000019073486, z: 0.0000009536743}
  m_LocalScale: {x: 1.0000017, y: 0.9999972, z: 1.0000013}
  m_Children: []
  m_Father: {fileID: 4938502759900840}
  m_RootOrder: 0
  m_LocalEulerAnglesHint: {x: 0, y: 0, z: 0}
--- !u!4 &4463506659707314
Transform:
  m_ObjectHideFlags: 1
  m_PrefabParentObject: {fileID: 0}
  m_PrefabInternal: {fileID: 100100000}
  m_GameObject: {fileID: 1319651535068006}
  m_LocalRotation: {x: -0.0051280395, y: -0.032378845, z: 0.1806187, w: 0.9830067}
  m_LocalPosition: {x: -0.6856489, y: 0, z: 0.0000009536743}
  m_LocalScale: {x: 0.999997, y: 1.0000031, z: 1.0000001}
  m_Children: []
  m_Father: {fileID: 4077325695008980}
  m_RootOrder: 0
  m_LocalEulerAnglesHint: {x: 0, y: 0, z: 0}
--- !u!4 &4467237368871980
Transform:
  m_ObjectHideFlags: 1
  m_PrefabParentObject: {fileID: 0}
  m_PrefabInternal: {fileID: 100100000}
  m_GameObject: {fileID: 1782618434261588}
  m_LocalRotation: {x: 8.409977e-15, y: 0.000000011906318, z: 0.078852, w: 0.9968863}
  m_LocalPosition: {x: -1.2842598, y: 0.00024266541, z: -3.657874e-11}
  m_LocalScale: {x: 1, y: 1, z: 1}
  m_Children:
  - {fileID: 4321655705202058}
  m_Father: {fileID: 4360103499054670}
  m_RootOrder: 2
  m_LocalEulerAnglesHint: {x: 0, y: 0, z: 0}
--- !u!4 &4474917589574916
Transform:
  m_ObjectHideFlags: 1
  m_PrefabParentObject: {fileID: 0}
  m_PrefabInternal: {fileID: 100100000}
  m_GameObject: {fileID: 1031968843122158}
  m_LocalRotation: {x: -0.0027369868, y: 0.050752494, z: 0.15893422, w: 0.98598003}
  m_LocalPosition: {x: -1.0631161, y: 0, z: 0}
  m_LocalScale: {x: 0.9999984, y: 1.0000019, z: 0.9999998}
  m_Children:
  - {fileID: 4233796981214800}
  m_Father: {fileID: 4066903804771060}
  m_RootOrder: 0
  m_LocalEulerAnglesHint: {x: 0, y: 0, z: 0}
--- !u!4 &4482379472960922
Transform:
  m_ObjectHideFlags: 1
  m_PrefabParentObject: {fileID: 0}
  m_PrefabInternal: {fileID: 100100000}
  m_GameObject: {fileID: 1271225172199526}
  m_LocalRotation: {x: 0.50000006, y: -0.50000006, z: -0.49999997, w: 0.49999997}
  m_LocalPosition: {x: 45.11364, y: -0.65296495, z: -5.951137}
  m_LocalScale: {x: 25.4, y: 25.4, z: 25.4}
  m_Children: []
  m_Father: {fileID: 4856212534182546}
  m_RootOrder: 27
  m_LocalEulerAnglesHint: {x: 0, y: 0, z: 0}
--- !u!4 &4497614191107012
Transform:
  m_ObjectHideFlags: 1
  m_PrefabParentObject: {fileID: 0}
  m_PrefabInternal: {fileID: 100100000}
  m_GameObject: {fileID: 1674443350832616}
  m_LocalRotation: {x: 0.6616097, y: 0.14136013, z: 0.33085272, w: 0.65789545}
  m_LocalPosition: {x: -45.096, y: 601.88116, z: -23.950626}
  m_LocalScale: {x: 25.39999, y: 25.400003, z: 25.40001}
  m_Children: []
  m_Father: {fileID: 4856212534182546}
  m_RootOrder: 18
  m_LocalEulerAnglesHint: {x: 0, y: 0, z: 0}
--- !u!4 &4502676824005362
Transform:
  m_ObjectHideFlags: 1
  m_PrefabParentObject: {fileID: 0}
  m_PrefabInternal: {fileID: 100100000}
  m_GameObject: {fileID: 1947154719309932}
  m_LocalRotation: {x: 0.032064255, y: -0.0050446186, z: 0.18201688, w: 0.98275954}
  m_LocalPosition: {x: -1.0233784, y: 0, z: 0}
  m_LocalScale: {x: 0.99999905, y: 1.0000008, z: 0.99999976}
  m_Children:
  - {fileID: 4060985403314652}
  m_Father: {fileID: 4660046688885872}
  m_RootOrder: 0
  m_LocalEulerAnglesHint: {x: 0, y: 0, z: 0}
--- !u!4 &4514973936416384
Transform:
  m_ObjectHideFlags: 1
  m_PrefabParentObject: {fileID: 0}
  m_PrefabInternal: {fileID: 100100000}
  m_GameObject: {fileID: 1601021752738400}
  m_LocalRotation: {x: 0.0038505923, y: 0.0005206933, z: 0.14780527, w: 0.98900884}
  m_LocalPosition: {x: -6.6674175, y: 0.000009655952, z: 0}
  m_LocalScale: {x: 1, y: 1.0000002, z: 0.99999994}
  m_Children:
  - {fileID: 4737558252570040}
  m_Father: {fileID: 4428883634725788}
  m_RootOrder: 0
  m_LocalEulerAnglesHint: {x: 0, y: 0, z: 0}
--- !u!4 &4520566895760330
Transform:
  m_ObjectHideFlags: 1
  m_PrefabParentObject: {fileID: 0}
  m_PrefabInternal: {fileID: 100100000}
  m_GameObject: {fileID: 1349264947953574}
  m_LocalRotation: {x: 0.13088982, y: 0.09006749, z: 0.22504532, w: 0.9613066}
  m_LocalPosition: {x: -1.316226, y: -0.012248993, z: 0.45802927}
  m_LocalScale: {x: 0.99999815, y: 1.0000018, z: 1}
  m_Children:
  - {fileID: 4144624183784688}
  m_Father: {fileID: 4197174093726884}
  m_RootOrder: 1
  m_LocalEulerAnglesHint: {x: 0, y: 0, z: 0}
--- !u!4 &4532584727953160
Transform:
  m_ObjectHideFlags: 1
  m_PrefabParentObject: {fileID: 0}
  m_PrefabInternal: {fileID: 100100000}
  m_GameObject: {fileID: 1843448902820764}
  m_LocalRotation: {x: 0.42321372, y: 0.89545655, z: -0.0467085, w: 0.1298694}
  m_LocalPosition: {x: 244.42142, y: 455.8241, z: -14.01618}
  m_LocalScale: {x: 25.399988, y: 25.400013, z: 25.400002}
  m_Children: []
  m_Father: {fileID: 4856212534182546}
  m_RootOrder: 19
  m_LocalEulerAnglesHint: {x: 0, y: 0, z: 0}
--- !u!4 &4546562346548690
Transform:
  m_ObjectHideFlags: 1
  m_PrefabParentObject: {fileID: 0}
  m_PrefabInternal: {fileID: 100100000}
  m_GameObject: {fileID: 1346032050810506}
  m_LocalRotation: {x: 0.50000006, y: -0.50000006, z: -0.49999997, w: 0.49999997}
  m_LocalPosition: {x: 0.001397797, y: 652.5206, z: -10.013955}
  m_LocalScale: {x: 25.4, y: 25.4, z: 25.4}
  m_Children: []
  m_Father: {fileID: 4856212534182546}
  m_RootOrder: 3
  m_LocalEulerAnglesHint: {x: 0, y: 0, z: 0}
--- !u!4 &4551950252181864
Transform:
  m_ObjectHideFlags: 1
  m_PrefabParentObject: {fileID: 0}
  m_PrefabInternal: {fileID: 100100000}
  m_GameObject: {fileID: 1581034816343882}
  m_LocalRotation: {x: 0.04915451, y: 0.48228744, z: 0.06392147, w: 0.87229395}
  m_LocalPosition: {x: -213.56502, y: 467.42413, z: -15.382424}
  m_LocalScale: {x: 25.400003, y: 25.399887, z: 25.40013}
  m_Children: []
  m_Father: {fileID: 4856212534182546}
  m_RootOrder: 15
  m_LocalEulerAnglesHint: {x: 0, y: 0, z: 0}
--- !u!4 &4553632561919680
Transform:
  m_ObjectHideFlags: 1
  m_PrefabParentObject: {fileID: 0}
  m_PrefabInternal: {fileID: 100100000}
  m_GameObject: {fileID: 1187350413195754}
  m_LocalRotation: {x: 0.7841231, y: 0.612088, z: -0.086352766, w: 0.05515874}
  m_LocalPosition: {x: 251.44331, y: 409.43958, z: -22.026707}
  m_LocalScale: {x: 25.399902, y: 25.400091, z: 25.400003}
  m_Children: []
  m_Father: {fileID: 4856212534182546}
  m_RootOrder: 26
  m_LocalEulerAnglesHint: {x: 0, y: 0, z: 0}
--- !u!4 &4561545723503100
Transform:
  m_ObjectHideFlags: 1
  m_PrefabParentObject: {fileID: 0}
  m_PrefabInternal: {fileID: 100100000}
  m_GameObject: {fileID: 1786568342051518}
  m_LocalRotation: {x: -0.7221801, y: -0.009185859, z: -0.05797804, w: 0.68920976}
  m_LocalPosition: {x: -4.168297, y: 0.00000023841858, z: -0.0000019073486}
  m_LocalScale: {x: 1.0000056, y: 0.9999947, z: 0.99999994}
  m_Children:
  - {fileID: 4066903804771060}
  - {fileID: 4660046688885872}
  - {fileID: 4954143137132942}
  m_Father: {fileID: 4449764467357908}
  m_RootOrder: 0
  m_LocalEulerAnglesHint: {x: 0, y: 0, z: 0}
--- !u!4 &4572036076420254
Transform:
  m_ObjectHideFlags: 1
  m_PrefabParentObject: {fileID: 0}
  m_PrefabInternal: {fileID: 100100000}
  m_GameObject: {fileID: 1276742445264624}
  m_LocalRotation: {x: 0.053882975, y: 0.7002801, z: 0.056559533, w: 0.7095812}
  m_LocalPosition: {x: -56.811737, y: 11.56884, z: 11.448859}
  m_LocalScale: {x: 25.399996, y: 25.399998, z: 25.400002}
  m_Children: []
  m_Father: {fileID: 4856212534182546}
  m_RootOrder: 38
  m_LocalEulerAnglesHint: {x: 0, y: 0, z: 0}
--- !u!4 &4579123835573186
Transform:
  m_ObjectHideFlags: 1
  m_PrefabParentObject: {fileID: 0}
  m_PrefabInternal: {fileID: 100100000}
  m_GameObject: {fileID: 1105667649487558}
  m_LocalRotation: {x: -0.046708185, y: 0.12986936, z: 0.42321458, w: 0.8954562}
  m_LocalPosition: {x: -244.42125, y: 455.82397, z: -14.016211}
  m_LocalScale: {x: 25.399906, y: 25.4001, z: 25.400003}
  m_Children: []
  m_Father: {fileID: 4856212534182546}
  m_RootOrder: 6
  m_LocalEulerAnglesHint: {x: 0, y: 0, z: 0}
--- !u!4 &4586446611451082
Transform:
  m_ObjectHideFlags: 1
  m_PrefabParentObject: {fileID: 0}
  m_PrefabInternal: {fileID: 100100000}
  m_GameObject: {fileID: 1229808343211612}
  m_LocalRotation: {x: -0.13710584, y: 0.017697947, z: 0.5111265, w: 0.84831506}
  m_LocalPosition: {x: -236.86453, y: 447.9594, z: -30.025043}
  m_LocalScale: {x: 25.399918, y: 25.400085, z: 25.400011}
  m_Children: []
  m_Father: {fileID: 4856212534182546}
  m_RootOrder: 11
  m_LocalEulerAnglesHint: {x: 0, y: 0, z: 0}
--- !u!4 &4607895093070290
Transform:
  m_ObjectHideFlags: 1
  m_PrefabParentObject: {fileID: 0}
  m_PrefabInternal: {fileID: 100100000}
  m_GameObject: {fileID: 1550189850131998}
  m_LocalRotation: {x: -0.12134134, y: -0.34512165, z: -0.20619662, w: 0.9075518}
  m_LocalPosition: {x: -1.6141307, y: 0.000001013279, z: 0}
  m_LocalScale: {x: 1.0000004, y: 0.9999998, z: 0.99999994}
  m_Children:
  - {fileID: 4658796095961204}
  m_Father: {fileID: 4672320313365386}
  m_RootOrder: 0
  m_LocalEulerAnglesHint: {x: 0, y: 0, z: 0}
--- !u!4 &4624301489442122
Transform:
  m_ObjectHideFlags: 1
  m_PrefabParentObject: {fileID: 0}
  m_PrefabInternal: {fileID: 100100000}
  m_GameObject: {fileID: 1930845475348012}
  m_LocalRotation: {x: 0.50000006, y: -0.50000006, z: -0.49999997, w: 0.49999997}
  m_LocalPosition: {x: 1.0195371e-11, y: 522.6852, z: -16.436586}
  m_LocalScale: {x: 25.4, y: 25.4, z: 25.4}
  m_Children: []
  m_Father: {fileID: 4856212534182546}
  m_RootOrder: 2
  m_LocalEulerAnglesHint: {x: 0, y: 0, z: 0}
--- !u!4 &4638380554359756
Transform:
  m_ObjectHideFlags: 1
  m_PrefabParentObject: {fileID: 0}
  m_PrefabInternal: {fileID: 100100000}
  m_GameObject: {fileID: 1449262907106528}
  m_LocalRotation: {x: 0.5111251, y: 0.8483157, z: -0.13710769, w: 0.017696997}
  m_LocalPosition: {x: 236.86473, y: 447.95953, z: -30.025015}
  m_LocalScale: {x: 25.399975, y: 25.400023, z: 25.4}
  m_Children: []
  m_Father: {fileID: 4856212534182546}
  m_RootOrder: 24
  m_LocalEulerAnglesHint: {x: 0, y: 0, z: 0}
--- !u!4 &4643541246752606
Transform:
  m_ObjectHideFlags: 1
  m_PrefabParentObject: {fileID: 0}
  m_PrefabInternal: {fileID: 100100000}
  m_GameObject: {fileID: 1276183396331936}
  m_LocalRotation: {x: 0.69169617, y: 0.6888951, z: -0.029940957, w: 0.21467073}
  m_LocalPosition: {x: 266.3016, y: 420.2837, z: -0.6449476}
  m_LocalScale: {x: 25.399961, y: 25.400038, z: 25.400002}
  m_Children: []
  m_Father: {fileID: 4856212534182546}
  m_RootOrder: 21
  m_LocalEulerAnglesHint: {x: 0, y: 0, z: 0}
--- !u!4 &4658796095961204
Transform:
  m_ObjectHideFlags: 1
  m_PrefabParentObject: {fileID: 0}
  m_PrefabInternal: {fileID: 100100000}
  m_GameObject: {fileID: 1071176497880990}
  m_LocalRotation: {x: -0.04690236, y: 0.0014400239, z: -0.23678268, w: 0.9704288}
  m_LocalPosition: {x: -4.369009, y: 0, z: 0}
  m_LocalScale: {x: 1, y: 0.99999994, z: 1}
  m_Children:
  - {fileID: 4197174093726884}
  m_Father: {fileID: 4607895093070290}
  m_RootOrder: 0
  m_LocalEulerAnglesHint: {x: 0, y: 0, z: 0}
--- !u!4 &4658871875646600
Transform:
  m_ObjectHideFlags: 1
  m_PrefabParentObject: {fileID: 0}
  m_PrefabInternal: {fileID: 100100000}
  m_GameObject: {fileID: 1567708938208562}
  m_LocalRotation: {x: 0.6568466, y: 0.74514085, z: -0.10174695, w: 0.054453928}
  m_LocalPosition: {x: 249.26053, y: 425.54413, z: -25.601301}
  m_LocalScale: {x: 25.399921, y: 25.400074, z: 25.400003}
  m_Children: []
  m_Father: {fileID: 4856212534182546}
  m_RootOrder: 25
  m_LocalEulerAnglesHint: {x: 0, y: 0, z: 0}
--- !u!4 &4660046688885872
Transform:
  m_ObjectHideFlags: 1
  m_PrefabParentObject: {fileID: 0}
  m_PrefabInternal: {fileID: 100100000}
  m_GameObject: {fileID: 1272070173556390}
  m_LocalRotation: {x: -0.13088845, y: -0.09006755, z: 0.22504942, w: 0.9613058}
  m_LocalPosition: {x: -1.3162246, y: -0.012252808, z: -0.45802855}
  m_LocalScale: {x: 0.9999941, y: 1.0000056, z: 1.0000004}
  m_Children:
  - {fileID: 4502676824005362}
  m_Father: {fileID: 4561545723503100}
  m_RootOrder: 1
  m_LocalEulerAnglesHint: {x: 0, y: 0, z: 0}
--- !u!4 &4667785028764936
Transform:
  m_ObjectHideFlags: 1
  m_PrefabParentObject: {fileID: 0}
  m_PrefabInternal: {fileID: 100100000}
  m_GameObject: {fileID: 1516839925451732}
  m_LocalRotation: {x: 0.34305525, y: 0.7463495, z: 0.2847348, w: 0.49416763}
  m_LocalPosition: {x: 230.57117, y: 457.45807, z: 14.142145}
  m_LocalScale: {x: 25.40002, y: 25.399963, z: 25.400017}
  m_Children: []
  m_Father: {fileID: 4856212534182546}
  m_RootOrder: 30
  m_LocalEulerAnglesHint: {x: 0, y: 0, z: 0}
--- !u!4 &4672320313365386
Transform:
  m_ObjectHideFlags: 1
  m_PrefabParentObject: {fileID: 0}
  m_PrefabInternal: {fileID: 100100000}
  m_GameObject: {fileID: 1800854053461528}
  m_LocalRotation: {x: -0.25304767, y: -0.6356384, z: 0.24702093, w: 0.68622977}
  m_LocalPosition: {x: -3.0051422, y: 0.7706615, z: -0.56907713}
  m_LocalScale: {x: 1, y: 1, z: 1}
  m_Children:
  - {fileID: 4607895093070290}
  m_Father: {fileID: 4321655705202058}
  m_RootOrder: 2
  m_LocalEulerAnglesHint: {x: 0, y: 0, z: 0}
--- !u!4 &4697234072987968
Transform:
  m_ObjectHideFlags: 1
  m_PrefabParentObject: {fileID: 0}
  m_PrefabInternal: {fileID: 100100000}
  m_GameObject: {fileID: 1837084250247052}
  m_LocalRotation: {x: 0.12134147, y: 0.34512177, z: -0.20619677, w: 0.9075517}
  m_LocalPosition: {x: -1.6141303, y: -0.00000011920929, z: -0.0000019073486}
  m_LocalScale: {x: 0.9999993, y: 1.0000002, z: 1.0000001}
  m_Children:
  - {fileID: 4449764467357908}
  m_Father: {fileID: 4729287255948344}
  m_RootOrder: 0
  m_LocalEulerAnglesHint: {x: 0, y: 0, z: 0}
--- !u!4 &4706113273490664
Transform:
  m_ObjectHideFlags: 1
  m_PrefabParentObject: {fileID: 0}
  m_PrefabInternal: {fileID: 100100000}
  m_GameObject: {fileID: 1944383582240424}
  m_LocalRotation: {x: -0.054853737, y: 0.99844354, z: -0.00011636221, w: -0.010080257}
  m_LocalPosition: {x: -0, y: 0, z: -1.7329161}
  m_LocalScale: {x: 0.9999999, y: 1, z: 0.99999994}
  m_Children:
  - {fileID: 4945464512193624}
  m_Father: {fileID: 4360103499054670}
  m_RootOrder: 1
  m_LocalEulerAnglesHint: {x: 0, y: 0, z: 0}
--- !u!4 &4716675161619548
Transform:
  m_ObjectHideFlags: 1
  m_PrefabParentObject: {fileID: 0}
  m_PrefabInternal: {fileID: 100100000}
  m_GameObject: {fileID: 1238971982622974}
  m_LocalRotation: {x: 0.5609857, y: -0.43045914, z: -0.5609857, w: -0.43045914}
  m_LocalPosition: {x: -16.830423, y: -0.6920807, z: -8.181311}
  m_LocalScale: {x: 0.9999904, y: 1.0000079, z: 1.0000001}
  m_Children:
  - {fileID: 4945904277551976}
  m_Father: {fileID: 4326844274374698}
  m_RootOrder: 0
  m_LocalEulerAnglesHint: {x: 0, y: 0, z: 0}
--- !u!4 &4717507868758968
Transform:
  m_ObjectHideFlags: 1
  m_PrefabParentObject: {fileID: 0}
  m_PrefabInternal: {fileID: 100100000}
  m_GameObject: {fileID: 1494313036908408}
  m_LocalRotation: {x: -0.0863516, y: 0.05515929, z: 0.78412294, w: 0.6120883}
  m_LocalPosition: {x: -251.44296, y: 409.43948, z: -22.026754}
  m_LocalScale: {x: 25.399921, y: 25.400085, z: 25.40001}
  m_Children: []
  m_Father: {fileID: 4856212534182546}
  m_RootOrder: 13
  m_LocalEulerAnglesHint: {x: 0, y: 0, z: 0}
--- !u!4 &4729287255948344
Transform:
  m_ObjectHideFlags: 1
  m_PrefabParentObject: {fileID: 0}
  m_PrefabInternal: {fileID: 100100000}
  m_GameObject: {fileID: 1011726605400300}
  m_LocalRotation: {x: 0.25304794, y: 0.63563836, z: 0.24702086, w: 0.68622977}
  m_LocalPosition: {x: -3.0051422, y: 0.77066153, z: 0.56907713}
  m_LocalScale: {x: 1.0000005, y: 0.9999997, z: 1}
  m_Children:
  - {fileID: 4697234072987968}
  m_Father: {fileID: 4321655705202058}
  m_RootOrder: 0
  m_LocalEulerAnglesHint: {x: 0, y: 0, z: 0}
--- !u!4 &4733252540762668
Transform:
  m_ObjectHideFlags: 1
  m_PrefabParentObject: {fileID: 0}
  m_PrefabInternal: {fileID: 100100000}
  m_GameObject: {fileID: 1834089085208020}
  m_LocalRotation: {x: 0.003966868, y: -0.0014857699, z: -0.30945948, w: 0.95090324}
  m_LocalPosition: {x: -1.8932598, y: 0.21317369, z: 0.2303412}
  m_LocalScale: {x: 0.9999998, y: 1, z: 1.0000002}
  m_Children: []
  m_Father: {fileID: 4160778661268838}
  m_RootOrder: 0
  m_LocalEulerAnglesHint: {x: 0, y: 0, z: 0}
--- !u!4 &4737558252570040
Transform:
  m_ObjectHideFlags: 1
  m_PrefabParentObject: {fileID: 0}
  m_PrefabInternal: {fileID: 100100000}
  m_GameObject: {fileID: 1347018084235000}
  m_LocalRotation: {x: -0.010306361, y: 0.0018824085, z: -0.46686473, w: 0.8842667}
  m_LocalPosition: {x: -8.416281, y: 0, z: -0.00000011920929}
  m_LocalScale: {x: 0.9999998, y: 1.0000005, z: 1.0000001}
  m_Children:
  - {fileID: 4200023966901032}
  m_Father: {fileID: 4514973936416384}
  m_RootOrder: 0
  m_LocalEulerAnglesHint: {x: 0, y: 0, z: 0}
--- !u!4 &4748306504433492
Transform:
  m_ObjectHideFlags: 1
  m_PrefabParentObject: {fileID: 0}
  m_PrefabInternal: {fileID: 100100000}
  m_GameObject: {fileID: 1786116490556750}
  m_LocalRotation: {x: 0.50000006, y: -0.50000006, z: -0.49999997, w: 0.49999997}
  m_LocalPosition: {x: -43.807713, y: -0.65296495, z: -5.951151}
  m_LocalScale: {x: 25.4, y: 25.4, z: 25.4}
  m_Children: []
  m_Father: {fileID: 4856212534182546}
  m_RootOrder: 14
  m_LocalEulerAnglesHint: {x: 0, y: 0, z: 0}
--- !u!4 &4766823768873714
Transform:
  m_ObjectHideFlags: 1
  m_PrefabParentObject: {fileID: 0}
  m_PrefabInternal: {fileID: 100100000}
  m_GameObject: {fileID: 1912966118923366}
  m_LocalRotation: {x: 0.10072213, y: 0.50786847, z: 0.18863311, w: 0.8344713}
  m_LocalPosition: {x: -223.74593, y: 464.35165, z: 0.76218396}
  m_LocalScale: {x: 25.400024, y: 25.399837, z: 25.40015}
  m_Children: []
  m_Father: {fileID: 4856212534182546}
  m_RootOrder: 16
  m_LocalEulerAnglesHint: {x: 0, y: 0, z: 0}
--- !u!4 &4773208360851602
Transform:
  m_ObjectHideFlags: 1
  m_PrefabParentObject: {fileID: 0}
  m_PrefabInternal: {fileID: 100100000}
  m_GameObject: {fileID: 1197351876914718}
  m_LocalRotation: {x: 1.1662402e-15, y: 2.994773e-10, z: 0.001960738, w: 0.9999981}
  m_LocalPosition: {x: -2.380248, y: -0.00000023841858, z: 0}
  m_LocalScale: {x: 0.99999976, y: 0.99999976, z: 1}
  m_Children:
  - {fileID: 4431516176232918}
  m_Father: {fileID: 4317676447526814}
  m_RootOrder: 0
  m_LocalEulerAnglesHint: {x: 0, y: 0, z: 0}
--- !u!4 &4791252631919832
Transform:
  m_ObjectHideFlags: 1
  m_PrefabParentObject: {fileID: 0}
  m_PrefabInternal: {fileID: 100100000}
  m_GameObject: {fileID: 1517362489728664}
  m_LocalRotation: {x: 0.5575857, y: 0.808919, z: -0.04934391, w: 0.17975928}
  m_LocalPosition: {x: 260.84064, y: 435.68497, z: -6.668079}
  m_LocalScale: {x: 25.399961, y: 25.400042, z: 25.399998}
  m_Children: []
  m_Father: {fileID: 4856212534182546}
  m_RootOrder: 20
  m_LocalEulerAnglesHint: {x: 0, y: 0, z: 0}
--- !u!4 &4802670697734308
Transform:
  m_ObjectHideFlags: 1
  m_PrefabParentObject: {fileID: 0}
  m_PrefabInternal: {fileID: 100100000}
  m_GameObject: {fileID: 1294386467768438}
  m_LocalRotation: {x: -0.029942604, y: 0.21466967, z: 0.6916963, w: 0.6888953}
  m_LocalPosition: {x: -266.30133, y: 420.2836, z: -0.64501876}
  m_LocalScale: {x: 25.399889, y: 25.400131, z: 25.400003}
  m_Children: []
  m_Father: {fileID: 4856212534182546}
  m_RootOrder: 8
  m_LocalEulerAnglesHint: {x: 0, y: 0, z: 0}
--- !u!4 &4815126739361014
Transform:
  m_ObjectHideFlags: 1
  m_PrefabParentObject: {fileID: 0}
  m_PrefabInternal: {fileID: 100100000}
  m_GameObject: {fileID: 1101349981438766}
  m_LocalRotation: {x: -0.00000083953955, y: 0.0000125448705, z: 0.16695715, w: 0.9859642}
  m_LocalPosition: {x: -2.2546864, y: 0, z: 0}
  m_LocalScale: {x: 1.0000001, y: 1.0000001, z: 1}
  m_Children: []
  m_Father: {fileID: 4443020293830434}
  m_RootOrder: 0
  m_LocalEulerAnglesHint: {x: 0, y: 0, z: 0}
--- !u!4 &4823564947852234
Transform:
  m_ObjectHideFlags: 1
  m_PrefabParentObject: {fileID: 0}
  m_PrefabInternal: {fileID: 100100000}
  m_GameObject: {fileID: 1395506026169066}
  m_LocalRotation: {x: -0.0707843, y: 0.12946396, z: 0.2857725, w: 0.94686997}
  m_LocalPosition: {x: -207.80605, y: 468.1171, z: -28.465553}
  m_LocalScale: {x: 25.400114, y: 25.399895, z: 25.399998}
  m_Children: []
  m_Father: {fileID: 4856212534182546}
  m_RootOrder: 9
  m_LocalEulerAnglesHint: {x: 0, y: 0, z: 0}
--- !u!4 &4856212534182546
Transform:
  m_ObjectHideFlags: 1
  m_PrefabParentObject: {fileID: 0}
  m_PrefabInternal: {fileID: 100100000}
  m_GameObject: {fileID: 1067067511012990}
  m_LocalRotation: {x: 0, y: 0.30070588, z: 0, w: -0.95371693}
  m_LocalPosition: {x: -197.37079, y: -605.00226, z: -428.65088}
  m_LocalScale: {x: 1, y: 1, z: 1}
  m_Children:
  - {fileID: 4994891812628070}
  - {fileID: 4326844274374698}
  - {fileID: 4624301489442122}
  - {fileID: 4546562346548690}
  - {fileID: 4360103499054670}
  - {fileID: 4094037676156450}
  - {fileID: 4579123835573186}
  - {fileID: 4376104191321794}
  - {fileID: 4802670697734308}
  - {fileID: 4823564947852234}
  - {fileID: 4151340311016878}
  - {fileID: 4586446611451082}
  - {fileID: 4372318758964328}
  - {fileID: 4717507868758968}
  - {fileID: 4748306504433492}
  - {fileID: 4551950252181864}
  - {fileID: 4766823768873714}
  - {fileID: 4987621196798606}
  - {fileID: 4497614191107012}
  - {fileID: 4532584727953160}
  - {fileID: 4791252631919832}
  - {fileID: 4643541246752606}
  - {fileID: 4100056829370096}
  - {fileID: 4114501266177556}
  - {fileID: 4638380554359756}
  - {fileID: 4658871875646600}
  - {fileID: 4553632561919680}
  - {fileID: 4482379472960922}
  - {fileID: 4000326988466006}
  - {fileID: 4296782066455330}
  - {fileID: 4667785028764936}
  - {fileID: 4162025184174968}
  - {fileID: 4361568019269894}
  - {fileID: 4320717949038830}
  - {fileID: 4932455506395424}
  - {fileID: 4953911685979536}
  - {fileID: 4189004945008932}
  - {fileID: 4133439009036572}
  - {fileID: 4572036076420254}
  m_Father: {fileID: 0}
  m_RootOrder: 0
  m_LocalEulerAnglesHint: {x: 0, y: 0, z: 0}
--- !u!4 &4932455506395424
Transform:
  m_ObjectHideFlags: 1
  m_PrefabParentObject: {fileID: 0}
  m_PrefabInternal: {fileID: 100100000}
  m_GameObject: {fileID: 1440401464889702}
  m_LocalRotation: {x: 0.50847894, y: 0.4913748, z: -0.50847894, w: -0.4913748}
  m_LocalPosition: {x: 1.34456e-11, y: 322.39554, z: -49.876846}
  m_LocalScale: {x: 25.399998, y: 25.399998, z: 25.4}
  m_Children: []
  m_Father: {fileID: 4856212534182546}
  m_RootOrder: 34
  m_LocalEulerAnglesHint: {x: 0, y: 0, z: 0}
--- !u!4 &4938502759900840
Transform:
  m_ObjectHideFlags: 1
  m_PrefabParentObject: {fileID: 0}
  m_PrefabInternal: {fileID: 100100000}
  m_GameObject: {fileID: 1922684496147648}
  m_LocalRotation: {x: 0.01166894, y: -0.0433889, z: 0.13481618, w: 0.9898515}
  m_LocalPosition: {x: -0.7611165, y: 0.0000019073486, z: 0.00000047683716}
  m_LocalScale: {x: 1.0000002, y: 0.9999975, z: 1.0000023}
  m_Children:
  - {fileID: 4456889380470226}
  m_Father: {fileID: 4144153652230212}
  m_RootOrder: 0
  m_LocalEulerAnglesHint: {x: 0, y: 0, z: 0}
--- !u!4 &4945464512193624
Transform:
  m_ObjectHideFlags: 1
  m_PrefabParentObject: {fileID: 0}
  m_PrefabInternal: {fileID: 100100000}
  m_GameObject: {fileID: 1645598340016292}
  m_LocalRotation: {x: -0.0038521774, y: -0.0005152611, z: 0.14738022, w: 0.9890723}
  m_LocalPosition: {x: -6.6674175, y: 0.000009536743, z: 0.00000023841858}
  m_LocalScale: {x: 1.0000002, y: 1.0000002, z: 1.0000001}
  m_Children:
  - {fileID: 4160778661268838}
  m_Father: {fileID: 4706113273490664}
  m_RootOrder: 0
  m_LocalEulerAnglesHint: {x: 0, y: 0, z: 0}
--- !u!4 &4945904277551976
Transform:
  m_ObjectHideFlags: 1
  m_PrefabParentObject: {fileID: 0}
  m_PrefabInternal: {fileID: 100100000}
  m_GameObject: {fileID: 1074113778849268}
  m_LocalRotation: {x: -6.9165874e-11, y: -0.0000000324778, z: 0.99253976, w: -0.12192127}
  m_LocalPosition: {x: -0, y: 0, z: 0}
  m_LocalScale: {x: 1.8495208, y: 1.8495208, z: 1.8495207}
  m_Children: []
  m_Father: {fileID: 4716675161619548}
  m_RootOrder: 0
  m_LocalEulerAnglesHint: {x: 0, y: 0, z: 0}
--- !u!4 &4950153314354386
Transform:
  m_ObjectHideFlags: 1
  m_PrefabParentObject: {fileID: 0}
  m_PrefabInternal: {fileID: 100100000}
  m_GameObject: {fileID: 1536988960826574}
  m_LocalRotation: {x: 0.008540457, y: 0.015289015, z: 0.18314344, w: 0.9829302}
  m_LocalPosition: {x: -0.6551266, y: 0.000002861023, z: -0.0000009536743}
  m_LocalScale: {x: 0.9999923, y: 1.0000073, z: 1.0000004}
  m_Children: []
  m_Father: {fileID: 4144624183784688}
  m_RootOrder: 0
  m_LocalEulerAnglesHint: {x: 0, y: 0, z: 0}
--- !u!4 &4953911685979536
Transform:
  m_ObjectHideFlags: 1
  m_PrefabParentObject: {fileID: 0}
  m_PrefabInternal: {fileID: 100100000}
  m_GameObject: {fileID: 1629804114405684}
  m_LocalRotation: {x: 0.5094414, y: 0.49037686, z: -0.5094414, w: -0.49037686}
  m_LocalPosition: {x: 1.30846445e-11, y: 319.61243, z: 35.761116}
  m_LocalScale: {x: 25.399996, y: 25.399996, z: 25.4}
  m_Children: []
  m_Father: {fileID: 4856212534182546}
  m_RootOrder: 35
  m_LocalEulerAnglesHint: {x: 0, y: 0, z: 0}
--- !u!4 &4954143137132942
Transform:
  m_ObjectHideFlags: 1
  m_PrefabParentObject: {fileID: 0}
  m_PrefabInternal: {fileID: 100100000}
  m_GameObject: {fileID: 1711275214078118}
  m_LocalRotation: {x: 0.2378364, y: 0.32516214, z: -0.14825082, w: 0.903175}
  m_LocalPosition: {x: -0.34348392, y: 0.07337189, z: 0.44056463}
  m_LocalScale: {x: 0.9999977, y: 0.9999976, z: 1.0000051}
  m_Children:
  - {fileID: 4118342866843702}
  m_Father: {fileID: 4561545723503100}
  m_RootOrder: 2
  m_LocalEulerAnglesHint: {x: 0, y: 0, z: 0}
--- !u!4 &4987621196798606
Transform:
  m_ObjectHideFlags: 1
  m_PrefabParentObject: {fileID: 0}
  m_PrefabInternal: {fileID: 100100000}
  m_GameObject: {fileID: 1958138025777800}
  m_LocalRotation: {x: 0.28473687, y: 0.49416938, z: 0.34305382, w: 0.7463482}
  m_LocalPosition: {x: -230.57095, y: 457.458, z: 14.142108}
  m_LocalScale: {x: 25.399841, y: 25.400028, z: 25.400146}
  m_Children: []
  m_Father: {fileID: 4856212534182546}
  m_RootOrder: 17
  m_LocalEulerAnglesHint: {x: 0, y: 0, z: 0}
--- !u!4 &4994891812628070
Transform:
  m_ObjectHideFlags: 1
  m_PrefabParentObject: {fileID: 0}
  m_PrefabInternal: {fileID: 100100000}
  m_GameObject: {fileID: 1235492865381716}
  m_LocalRotation: {x: 0.00000008146034, y: 0, z: -0, w: 1}
  m_LocalPosition: {x: 0.0000045418737, y: 353.67267, z: -9.260969e-21}
  m_LocalScale: {x: 25.4, y: 25.4, z: 25.4}
  m_Children:
  - {fileID: 4387808393352884}
  - {fileID: 4271482124789434}
  - {fileID: 4205942654950666}
  - {fileID: 4387581561657618}
  m_Father: {fileID: 4856212534182546}
  m_RootOrder: 0
  m_LocalEulerAnglesHint: {x: 0, y: 0, z: 0}
--- !u!23 &23450039091659836
MeshRenderer:
  m_ObjectHideFlags: 1
  m_PrefabParentObject: {fileID: 0}
  m_PrefabInternal: {fileID: 100100000}
  m_GameObject: {fileID: 1074113778849268}
  m_Enabled: 1
  m_CastShadows: 1
  m_ReceiveShadows: 1
  m_MotionVectors: 1
  m_LightProbeUsage: 1
  m_ReflectionProbeUsage: 1
  m_Materials:
  - {fileID: 2100000, guid: 3069578757853d94085dd4300e763968, type: 2}
  m_StaticBatchInfo:
    firstSubMesh: 0
    subMeshCount: 0
  m_StaticBatchRoot: {fileID: 0}
  m_ProbeAnchor: {fileID: 0}
  m_LightProbeVolumeOverride: {fileID: 0}
  m_ScaleInLightmap: 1
  m_PreserveUVs: 0
  m_IgnoreNormalsForChartDetection: 0
  m_ImportantGI: 0
  m_SelectedEditorRenderState: 3
  m_MinimumChartSize: 4
  m_AutoUVMaxDistance: 0.5
  m_AutoUVMaxAngle: 89
  m_LightmapParameters: {fileID: 0}
  m_SortingLayerID: 0
  m_SortingLayer: 0
  m_SortingOrder: 0
--- !u!33 &33613781753403504
MeshFilter:
  m_ObjectHideFlags: 1
  m_PrefabParentObject: {fileID: 0}
  m_PrefabInternal: {fileID: 100100000}
  m_GameObject: {fileID: 1074113778849268}
  m_Mesh: {fileID: 4300010, guid: c3418afa7d8074e49a565ebe1aca5622, type: 3}
--- !u!95 &95241094280633608
Animator:
  serializedVersion: 3
  m_ObjectHideFlags: 1
  m_PrefabParentObject: {fileID: 0}
  m_PrefabInternal: {fileID: 100100000}
  m_GameObject: {fileID: 1067067511012990}
  m_Enabled: 1
  m_Avatar: {fileID: 9000000, guid: c3418afa7d8074e49a565ebe1aca5622, type: 3}
  m_Controller: {fileID: 9100000, guid: b137ccf14b8994d40ac62ca1558dd24a, type: 2}
  m_CullingMode: 1
  m_UpdateMode: 0
  m_ApplyRootMotion: 0
  m_LinearVelocityBlending: 0
  m_WarningMessage: 
  m_HasTransformHierarchy: 1
  m_AllowConstantClipSamplingOptimization: 1
--- !u!137 &137210165201951206
SkinnedMeshRenderer:
  m_ObjectHideFlags: 1
  m_PrefabParentObject: {fileID: 0}
  m_PrefabInternal: {fileID: 100100000}
  m_GameObject: {fileID: 1368760876124948}
  m_Enabled: 1
  m_CastShadows: 1
  m_ReceiveShadows: 1
  m_MotionVectors: 1
  m_LightProbeUsage: 1
  m_ReflectionProbeUsage: 1
  m_Materials:
  - {fileID: 2100000, guid: 646424d3760ff01488260013357b9d33, type: 2}
  m_StaticBatchInfo:
    firstSubMesh: 0
    subMeshCount: 0
  m_StaticBatchRoot: {fileID: 0}
  m_ProbeAnchor: {fileID: 0}
  m_LightProbeVolumeOverride: {fileID: 0}
  m_ScaleInLightmap: 1
  m_PreserveUVs: 0
  m_IgnoreNormalsForChartDetection: 0
  m_ImportantGI: 0
  m_SelectedEditorRenderState: 3
  m_MinimumChartSize: 4
  m_AutoUVMaxDistance: 0.5
  m_AutoUVMaxAngle: 89
  m_LightmapParameters: {fileID: 0}
  m_SortingLayerID: 0
  m_SortingLayer: 0
  m_SortingOrder: 0
  serializedVersion: 2
  m_Quality: 0
  m_UpdateWhenOffscreen: 0
  m_SkinnedMotionVectors: 1
  m_Mesh: {fileID: 4300004, guid: c3418afa7d8074e49a565ebe1aca5622, type: 3}
  m_Bones:
  - {fileID: 4321655705202058}
  - {fileID: 4815126739361014}
  - {fileID: 4467237368871980}
  - {fileID: 4443020293830434}
  - {fileID: 4697234072987968}
  - {fileID: 4607895093070290}
  - {fileID: 4360103499054670}
  - {fileID: 4428883634725788}
  - {fileID: 4706113273490664}
  - {fileID: 4729287255948344}
  - {fileID: 4672320313365386}
  m_BlendShapeWeights: []
  m_RootBone: {fileID: 4360103499054670}
  m_AABB:
    m_Center: {x: -5.0903873, y: -0.36567092, z: -0.06937337}
    m_Extent: {x: 2.8736148, y: 2.265679, z: 2.0220861}
  m_DirtyAABB: 0
--- !u!137 &137379494832533986
SkinnedMeshRenderer:
  m_ObjectHideFlags: 1
  m_PrefabParentObject: {fileID: 0}
  m_PrefabInternal: {fileID: 100100000}
  m_GameObject: {fileID: 1869317201441276}
  m_Enabled: 1
  m_CastShadows: 1
  m_ReceiveShadows: 1
  m_MotionVectors: 1
  m_LightProbeUsage: 1
  m_ReflectionProbeUsage: 1
  m_Materials:
  - {fileID: 2100000, guid: 646424d3760ff01488260013357b9d33, type: 2}
  m_StaticBatchInfo:
    firstSubMesh: 0
    subMeshCount: 0
  m_StaticBatchRoot: {fileID: 0}
  m_ProbeAnchor: {fileID: 0}
  m_LightProbeVolumeOverride: {fileID: 0}
  m_ScaleInLightmap: 1
  m_PreserveUVs: 0
  m_IgnoreNormalsForChartDetection: 0
  m_ImportantGI: 0
  m_SelectedEditorRenderState: 3
  m_MinimumChartSize: 4
  m_AutoUVMaxDistance: 0.5
  m_AutoUVMaxAngle: 89
  m_LightmapParameters: {fileID: 0}
  m_SortingLayerID: 0
  m_SortingLayer: 0
  m_SortingOrder: 0
  serializedVersion: 2
  m_Quality: 0
  m_UpdateWhenOffscreen: 0
  m_SkinnedMotionVectors: 1
  m_Mesh: {fileID: 4300006, guid: c3418afa7d8074e49a565ebe1aca5622, type: 3}
  m_Bones:
  - {fileID: 4321655705202058}
  - {fileID: 4815126739361014}
  - {fileID: 4443020293830434}
  - {fileID: 4729287255948344}
  m_BlendShapeWeights: []
  m_RootBone: {fileID: 4321655705202058}
  m_AABB:
    m_Center: {x: -4.2128706, y: -0.054885626, z: -0.0000027418137}
    m_Extent: {x: 0.74559784, y: 1.1901073, z: 1.200848}
  m_DirtyAABB: 0
--- !u!137 &137387091305796744
SkinnedMeshRenderer:
  m_ObjectHideFlags: 1
  m_PrefabParentObject: {fileID: 0}
  m_PrefabInternal: {fileID: 100100000}
  m_GameObject: {fileID: 1208147345304462}
  m_Enabled: 1
  m_CastShadows: 1
  m_ReceiveShadows: 1
  m_MotionVectors: 1
  m_LightProbeUsage: 1
  m_ReflectionProbeUsage: 1
  m_Materials:
  - {fileID: 2100000, guid: 646424d3760ff01488260013357b9d33, type: 2}
  m_StaticBatchInfo:
    firstSubMesh: 0
    subMeshCount: 0
  m_StaticBatchRoot: {fileID: 0}
  m_ProbeAnchor: {fileID: 0}
  m_LightProbeVolumeOverride: {fileID: 0}
  m_ScaleInLightmap: 1
  m_PreserveUVs: 0
  m_IgnoreNormalsForChartDetection: 0
  m_ImportantGI: 0
  m_SelectedEditorRenderState: 3
  m_MinimumChartSize: 4
  m_AutoUVMaxDistance: 0.5
  m_AutoUVMaxAngle: 89
  m_LightmapParameters: {fileID: 0}
  m_SortingLayerID: 0
  m_SortingLayer: 0
  m_SortingOrder: 0
  serializedVersion: 2
  m_Quality: 0
  m_UpdateWhenOffscreen: 0
  m_SkinnedMotionVectors: 1
  m_Mesh: {fileID: 4300002, guid: c3418afa7d8074e49a565ebe1aca5622, type: 3}
  m_Bones:
  - {fileID: 4706113273490664}
  - {fileID: 4428883634725788}
  - {fileID: 4431516176232918}
  - {fileID: 4773208360851602}
  - {fileID: 4317676447526814}
  - {fileID: 4360103499054670}
  - {fileID: 4321655705202058}
  - {fileID: 4467237368871980}
  - {fileID: 4945464512193624}
  - {fileID: 4514973936416384}
  - {fileID: 4028947407674968}
  - {fileID: 4434855759500540}
  m_BlendShapeWeights: []
  m_RootBone: {fileID: 4360103499054670}
  m_AABB:
    m_Center: {x: 3.273957, y: -0.19059777, z: 0.0144991875}
    m_Extent: {x: 5.414072, y: 2.4896648, z: 1.9227273}
  m_DirtyAABB: 0
--- !u!137 &137474736281141346
SkinnedMeshRenderer:
  m_ObjectHideFlags: 1
  m_PrefabParentObject: {fileID: 0}
  m_PrefabInternal: {fileID: 100100000}
  m_GameObject: {fileID: 1837063879331792}
  m_Enabled: 1
  m_CastShadows: 1
  m_ReceiveShadows: 1
  m_MotionVectors: 1
  m_LightProbeUsage: 1
  m_ReflectionProbeUsage: 1
  m_Materials:
  - {fileID: 10303, guid: 0000000000000000f000000000000000, type: 0}
  m_StaticBatchInfo:
    firstSubMesh: 0
    subMeshCount: 0
  m_StaticBatchRoot: {fileID: 0}
  m_ProbeAnchor: {fileID: 0}
  m_LightProbeVolumeOverride: {fileID: 0}
  m_ScaleInLightmap: 1
  m_PreserveUVs: 0
  m_IgnoreNormalsForChartDetection: 0
  m_ImportantGI: 0
  m_SelectedEditorRenderState: 3
  m_MinimumChartSize: 4
  m_AutoUVMaxDistance: 0.5
  m_AutoUVMaxAngle: 89
  m_LightmapParameters: {fileID: 0}
  m_SortingLayerID: 0
  m_SortingLayer: 0
  m_SortingOrder: 0
  serializedVersion: 2
  m_Quality: 0
  m_UpdateWhenOffscreen: 0
  m_SkinnedMotionVectors: 1
  m_Mesh: {fileID: 4300008, guid: c3418afa7d8074e49a565ebe1aca5622, type: 3}
  m_Bones:
  - {fileID: 4321655705202058}
  - {fileID: 4815126739361014}
  - {fileID: 4443020293830434}
  m_BlendShapeWeights: []
  m_RootBone: {fileID: 4321655705202058}
  m_AABB:
    m_Center: {x: -6.293011, y: 1.6728394, z: -0.00000011920929}
    m_Extent: {x: 0.48227882, y: 0.5763242, z: 0.7011451}
  m_DirtyAABB: 0
--- !u!137 &137627496815084334
SkinnedMeshRenderer:
  m_ObjectHideFlags: 1
  m_PrefabParentObject: {fileID: 0}
  m_PrefabInternal: {fileID: 100100000}
  m_GameObject: {fileID: 1235492865381716}
  m_Enabled: 1
  m_CastShadows: 1
  m_ReceiveShadows: 1
  m_MotionVectors: 1
  m_LightProbeUsage: 1
  m_ReflectionProbeUsage: 1
  m_Materials:
  - {fileID: 2100000, guid: 8be9cbeb26dce6a4eae9849b99eb76fe, type: 2}
  m_StaticBatchInfo:
    firstSubMesh: 0
    subMeshCount: 0
  m_StaticBatchRoot: {fileID: 0}
  m_ProbeAnchor: {fileID: 0}
  m_LightProbeVolumeOverride: {fileID: 0}
  m_ScaleInLightmap: 1
  m_PreserveUVs: 0
  m_IgnoreNormalsForChartDetection: 0
  m_ImportantGI: 0
  m_SelectedEditorRenderState: 3
  m_MinimumChartSize: 4
  m_AutoUVMaxDistance: 0.5
  m_AutoUVMaxAngle: 89
  m_LightmapParameters: {fileID: 0}
  m_SortingLayerID: 0
  m_SortingLayer: 0
  m_SortingOrder: 0
  serializedVersion: 2
  m_Quality: 0
  m_UpdateWhenOffscreen: 0
  m_SkinnedMotionVectors: 1
  m_Mesh: {fileID: 4300000, guid: c3418afa7d8074e49a565ebe1aca5622, type: 3}
  m_Bones:
  - {fileID: 4321655705202058}
  - {fileID: 4815126739361014}
  - {fileID: 4443020293830434}
  - {fileID: 4360103499054670}
  - {fileID: 4729287255948344}
  - {fileID: 4697234072987968}
  - {fileID: 4467237368871980}
  - {fileID: 4428883634725788}
  - {fileID: 4706113273490664}
  - {fileID: 4317676447526814}
  - {fileID: 4449764467357908}
  - {fileID: 4028947407674968}
  - {fileID: 4434855759500540}
  - {fileID: 4773208360851602}
  - {fileID: 4431516176232918}
  - {fileID: 4514973936416384}
  - {fileID: 4200023966901032}
  - {fileID: 4733252540762668}
  - {fileID: 4737558252570040}
  - {fileID: 4561545723503100}
  - {fileID: 4660046688885872}
  - {fileID: 4502676824005362}
  - {fileID: 4066903804771060}
  - {fileID: 4474917589574916}
  - {fileID: 4060985403314652}
  - {fileID: 4233796981214800}
  - {fileID: 4118342866843702}
  - {fileID: 4954143137132942}
  - {fileID: 4006203351652144}
  - {fileID: 4607895093070290}
  - {fileID: 4672320313365386}
  - {fileID: 4658796095961204}
  - {fileID: 4945464512193624}
  - {fileID: 4160778661268838}
  - {fileID: 4197174093726884}
  - {fileID: 4520566895760330}
  - {fileID: 4144624183784688}
  - {fileID: 4258219957136544}
  - {fileID: 4077325695008980}
  - {fileID: 4950153314354386}
  - {fileID: 4463506659707314}
  - {fileID: 4938502759900840}
  - {fileID: 4144153652230212}
  - {fileID: 4456889380470226}
  m_BlendShapeWeights: []
  m_RootBone: {fileID: 4360103499054670}
  m_AABB:
    m_Center: {x: 3.2541323, y: 0.28124964, z: -0.00005054474}
    m_Extent: {x: 14.794913, y: 3.5490127, z: 10.888252}
  m_DirtyAABB: 0
