%YAML 1.1
%TAG !u! tag:unity3d.com,2011:
--- !u!1001 &100100000
Prefab:
  m_ObjectHideFlags: 1
  serializedVersion: 2
  m_Modification:
    m_TransformParent: {fileID: 0}
    m_Modifications: []
    m_RemovedComponents: []
  m_ParentPrefab: {fileID: 0}
  m_RootGameObject: {fileID: 1955783914879546}
  m_IsPrefabParent: 1
--- !u!1 &1011788741952588
GameObject:
  m_ObjectHideFlags: 1
  m_PrefabParentObject: {fileID: 0}
  m_PrefabInternal: {fileID: 100100000}
  serializedVersion: 5
  m_Component:
  - component: {fileID: 4264797115771734}
  m_Layer: 0
  m_Name: Alien_L_Ankle
  m_TagString: Untagged
  m_Icon: {fileID: 0}
  m_NavMeshLayer: 0
  m_StaticEditorFlags: 0
  m_IsActive: 1
--- !u!1 &1012341465126568
GameObject:
  m_ObjectHideFlags: 1
  m_PrefabParentObject: {fileID: 0}
  m_PrefabInternal: {fileID: 100100000}
  serializedVersion: 5
  m_Component:
  - component: {fileID: 4579323811748774}
  m_Layer: 0
  m_Name: Alien_Frontskirt3
  m_TagString: Untagged
  m_Icon: {fileID: 0}
  m_NavMeshLayer: 0
  m_StaticEditorFlags: 0
  m_IsActive: 1
--- !u!1 &1020928838101016
GameObject:
  m_ObjectHideFlags: 1
  m_PrefabParentObject: {fileID: 0}
  m_PrefabInternal: {fileID: 100100000}
  serializedVersion: 5
  m_Component:
  - component: {fileID: 4418498253400506}
  m_Layer: 0
  m_Name: Alien_L_Forefinger2
  m_TagString: Untagged
  m_Icon: {fileID: 0}
  m_NavMeshLayer: 0
  m_StaticEditorFlags: 0
  m_IsActive: 1
--- !u!1 &1022417634201788
GameObject:
  m_ObjectHideFlags: 1
  m_PrefabParentObject: {fileID: 0}
  m_PrefabInternal: {fileID: 100100000}
  serializedVersion: 5
  m_Component:
  - component: {fileID: 4720919369205296}
  m_Layer: 0
  m_Name: Alien_R_Middle3
  m_TagString: Untagged
  m_Icon: {fileID: 0}
  m_NavMeshLayer: 0
  m_StaticEditorFlags: 0
  m_IsActive: 1
--- !u!1 &1031683526432406
GameObject:
  m_ObjectHideFlags: 0
  m_PrefabParentObject: {fileID: 0}
  m_PrefabInternal: {fileID: 100100000}
  serializedVersion: 5
  m_Component:
  - component: {fileID: 4537426202856286}
  m_Layer: 0
  m_Name: Alien_R_Middle1Gizmo
  m_TagString: Untagged
  m_Icon: {fileID: 0}
  m_NavMeshLayer: 0
  m_StaticEditorFlags: 0
  m_IsActive: 1
--- !u!1 &1037267825601170
GameObject:
  m_ObjectHideFlags: 0
  m_PrefabParentObject: {fileID: 0}
  m_PrefabInternal: {fileID: 100100000}
  serializedVersion: 5
  m_Component:
  - component: {fileID: 4002202336611184}
  m_Layer: 0
  m_Name: Alien_Tail1Gizmo
  m_TagString: Untagged
  m_Icon: {fileID: 0}
  m_NavMeshLayer: 0
  m_StaticEditorFlags: 0
  m_IsActive: 1
--- !u!1 &1037794565454000
GameObject:
  m_ObjectHideFlags: 1
  m_PrefabParentObject: {fileID: 0}
  m_PrefabInternal: {fileID: 100100000}
  serializedVersion: 5
  m_Component:
  - component: {fileID: 4735395781074174}
  m_Layer: 0
  m_Name: Alien_L_Lower_Arm
  m_TagString: Untagged
  m_Icon: {fileID: 0}
  m_NavMeshLayer: 0
  m_StaticEditorFlags: 0
  m_IsActive: 1
--- !u!1 &1040957708499826
GameObject:
  m_ObjectHideFlags: 0
  m_PrefabParentObject: {fileID: 0}
  m_PrefabInternal: {fileID: 100100000}
  serializedVersion: 5
  m_Component:
  - component: {fileID: 4900273112405802}
  m_Layer: 0
  m_Name: Alien_Tail3Gizmo
  m_TagString: Untagged
  m_Icon: {fileID: 0}
  m_NavMeshLayer: 0
  m_StaticEditorFlags: 0
  m_IsActive: 1
--- !u!1 &1042967130274636
GameObject:
  m_ObjectHideFlags: 0
  m_PrefabParentObject: {fileID: 0}
  m_PrefabInternal: {fileID: 100100000}
  serializedVersion: 5
  m_Component:
  - component: {fileID: 4549466879877226}
  m_Layer: 0
  m_Name: Alien_
  m_TagString: Untagged
  m_Icon: {fileID: 0}
  m_NavMeshLayer: 0
  m_StaticEditorFlags: 0
  m_IsActive: 1
--- !u!1 &1055002960798354
GameObject:
  m_ObjectHideFlags: 1
  m_PrefabParentObject: {fileID: 0}
  m_PrefabInternal: {fileID: 100100000}
  serializedVersion: 5
  m_Component:
  - component: {fileID: 4172433894879860}
  m_Layer: 0
  m_Name: Alien_Toes 1
  m_TagString: Untagged
  m_Icon: {fileID: 0}
  m_NavMeshLayer: 0
  m_StaticEditorFlags: 0
  m_IsActive: 1
--- !u!1 &1073789355255126
GameObject:
  m_ObjectHideFlags: 0
  m_PrefabParentObject: {fileID: 0}
  m_PrefabInternal: {fileID: 100100000}
  serializedVersion: 5
  m_Component:
  - component: {fileID: 4782033660250086}
  m_Layer: 0
  m_Name: Alien_R_Thumb1Gizmo
  m_TagString: Untagged
  m_Icon: {fileID: 0}
  m_NavMeshLayer: 0
  m_StaticEditorFlags: 0
  m_IsActive: 1
--- !u!1 &1074497806152184
GameObject:
  m_ObjectHideFlags: 0
  m_PrefabParentObject: {fileID: 0}
  m_PrefabInternal: {fileID: 100100000}
  serializedVersion: 5
  m_Component:
  - component: {fileID: 4744888964054716}
  - component: {fileID: 137389369799397914}
  m_Layer: 0
  m_Name: Alien LP
  m_TagString: Untagged
  m_Icon: {fileID: 0}
  m_NavMeshLayer: 0
  m_StaticEditorFlags: 0
  m_IsActive: 1
--- !u!1 &1089969872192636
GameObject:
  m_ObjectHideFlags: 1
  m_PrefabParentObject: {fileID: 0}
  m_PrefabInternal: {fileID: 100100000}
  serializedVersion: 5
  m_Component:
  - component: {fileID: 4664443031961180}
  m_Layer: 0
  m_Name: Alien_R_Forefinger1
  m_TagString: Untagged
  m_Icon: {fileID: 0}
  m_NavMeshLayer: 0
  m_StaticEditorFlags: 0
  m_IsActive: 1
--- !u!1 &1096664350307768
GameObject:
  m_ObjectHideFlags: 1
  m_PrefabParentObject: {fileID: 0}
  m_PrefabInternal: {fileID: 100100000}
  serializedVersion: 5
  m_Component:
  - component: {fileID: 4454420656793666}
  m_Layer: 0
  m_Name: Alien_L_Middle1
  m_TagString: Untagged
  m_Icon: {fileID: 0}
  m_NavMeshLayer: 0
  m_StaticEditorFlags: 0
  m_IsActive: 1
--- !u!1 &1116215808282926
GameObject:
  m_ObjectHideFlags: 1
  m_PrefabParentObject: {fileID: 0}
  m_PrefabInternal: {fileID: 100100000}
  serializedVersion: 5
  m_Component:
  - component: {fileID: 4808307646549208}
  - component: {fileID: 137067649534232408}
  m_Layer: 0
  m_Name: Sword Holder
  m_TagString: Untagged
  m_Icon: {fileID: 0}
  m_NavMeshLayer: 0
  m_StaticEditorFlags: 0
  m_IsActive: 1
--- !u!1 &1129586423382252
GameObject:
  m_ObjectHideFlags: 0
  m_PrefabParentObject: {fileID: 0}
  m_PrefabInternal: {fileID: 100100000}
  serializedVersion: 5
  m_Component:
  - component: {fileID: 4399739526187464}
  m_Layer: 0
  m_Name: Alien_R_Forefinger3Gizmo
  m_TagString: Untagged
  m_Icon: {fileID: 0}
  m_NavMeshLayer: 0
  m_StaticEditorFlags: 0
  m_IsActive: 1
--- !u!1 &1135401068059772
GameObject:
  m_ObjectHideFlags: 1
  m_PrefabParentObject: {fileID: 0}
  m_PrefabInternal: {fileID: 100100000}
  serializedVersion: 5
  m_Component:
  - component: {fileID: 4441709041441238}
  m_Layer: 0
  m_Name: Alien_R_Lower_Arm
  m_TagString: Untagged
  m_Icon: {fileID: 0}
  m_NavMeshLayer: 0
  m_StaticEditorFlags: 0
  m_IsActive: 1
--- !u!1 &1136297495060298
GameObject:
  m_ObjectHideFlags: 0
  m_PrefabParentObject: {fileID: 0}
  m_PrefabInternal: {fileID: 100100000}
  serializedVersion: 5
  m_Component:
  - component: {fileID: 4338600849843740}
  m_Layer: 0
  m_Name: Alien_HeadGizmo
  m_TagString: Untagged
  m_Icon: {fileID: 0}
  m_NavMeshLayer: 0
  m_StaticEditorFlags: 0
  m_IsActive: 1
--- !u!1 &1146028412766566
GameObject:
  m_ObjectHideFlags: 1
  m_PrefabParentObject: {fileID: 0}
  m_PrefabInternal: {fileID: 100100000}
  serializedVersion: 5
  m_Component:
  - component: {fileID: 4852678409231156}
  m_Layer: 0
  m_Name: Alien_Tail1 1
  m_TagString: Untagged
  m_Icon: {fileID: 0}
  m_NavMeshLayer: 0
  m_StaticEditorFlags: 0
  m_IsActive: 1
--- !u!1 &1171636269812576
GameObject:
  m_ObjectHideFlags: 0
  m_PrefabParentObject: {fileID: 0}
  m_PrefabInternal: {fileID: 100100000}
  serializedVersion: 5
  m_Component:
  - component: {fileID: 4535606303751608}
  m_Layer: 0
  m_Name: Alien_L_Lower_ArmGizmo
  m_TagString: Untagged
  m_Icon: {fileID: 0}
  m_NavMeshLayer: 0
  m_StaticEditorFlags: 0
  m_IsActive: 1
--- !u!1 &1206358788730296
GameObject:
  m_ObjectHideFlags: 1
  m_PrefabParentObject: {fileID: 0}
  m_PrefabInternal: {fileID: 100100000}
  serializedVersion: 5
  m_Component:
  - component: {fileID: 4336222440185118}
  m_Layer: 0
  m_Name: Alien_Tail1
  m_TagString: Untagged
  m_Icon: {fileID: 0}
  m_NavMeshLayer: 0
  m_StaticEditorFlags: 0
  m_IsActive: 1
--- !u!1 &1213174427855970
GameObject:
  m_ObjectHideFlags: 1
  m_PrefabParentObject: {fileID: 0}
  m_PrefabInternal: {fileID: 100100000}
  serializedVersion: 5
  m_Component:
  - component: {fileID: 4090744232723196}
  - component: {fileID: 33081024977372454}
  - component: {fileID: 23070548903592094}
  m_Layer: 0
  m_Name: Spear
  m_TagString: Untagged
  m_Icon: {fileID: 0}
  m_NavMeshLayer: 0
  m_StaticEditorFlags: 0
  m_IsActive: 1
--- !u!1 &1219852442191436
GameObject:
  m_ObjectHideFlags: 1
  m_PrefabParentObject: {fileID: 0}
  m_PrefabInternal: {fileID: 100100000}
  serializedVersion: 5
  m_Component:
  - component: {fileID: 4557175112101262}
  m_Layer: 0
  m_Name: Alien_L_Forefinger3
  m_TagString: Untagged
  m_Icon: {fileID: 0}
  m_NavMeshLayer: 0
  m_StaticEditorFlags: 0
  m_IsActive: 1
--- !u!1 &1225092384382496
GameObject:
  m_ObjectHideFlags: 0
  m_PrefabParentObject: {fileID: 0}
  m_PrefabInternal: {fileID: 100100000}
  serializedVersion: 5
  m_Component:
  - component: {fileID: 4108731602061356}
  m_Layer: 0
  m_Name: Alien_Tail2Gizmo
  m_TagString: Untagged
  m_Icon: {fileID: 0}
  m_NavMeshLayer: 0
  m_StaticEditorFlags: 0
  m_IsActive: 1
--- !u!1 &1225953314396626
GameObject:
  m_ObjectHideFlags: 1
  m_PrefabParentObject: {fileID: 0}
  m_PrefabInternal: {fileID: 100100000}
  serializedVersion: 5
  m_Component:
  - component: {fileID: 4816713038046002}
  m_Layer: 0
  m_Name: Alien_R_Hand
  m_TagString: Untagged
  m_Icon: {fileID: 0}
  m_NavMeshLayer: 0
  m_StaticEditorFlags: 0
  m_IsActive: 1
--- !u!1 &1239110980026982
GameObject:
  m_ObjectHideFlags: 0
  m_PrefabParentObject: {fileID: 0}
  m_PrefabInternal: {fileID: 100100000}
  serializedVersion: 5
  m_Component:
  - component: {fileID: 4830421439896094}
  m_Layer: 0
  m_Name: Alien_R_Middle3Gizmo
  m_TagString: Untagged
  m_Icon: {fileID: 0}
  m_NavMeshLayer: 0
  m_StaticEditorFlags: 0
  m_IsActive: 1
--- !u!1 &1253261910519556
GameObject:
  m_ObjectHideFlags: 0
  m_PrefabParentObject: {fileID: 0}
  m_PrefabInternal: {fileID: 100100000}
  serializedVersion: 5
  m_Component:
  - component: {fileID: 4405540677960622}
  m_Layer: 0
  m_Name: Alien_L_Thumb3Gizmo
  m_TagString: Untagged
  m_Icon: {fileID: 0}
  m_NavMeshLayer: 0
  m_StaticEditorFlags: 0
  m_IsActive: 1
--- !u!1 &1266242109304644
GameObject:
  m_ObjectHideFlags: 1
  m_PrefabParentObject: {fileID: 0}
  m_PrefabInternal: {fileID: 100100000}
  serializedVersion: 5
  m_Component:
  - component: {fileID: 4960040179903854}
  m_Layer: 0
  m_Name: Alien_Tail2
  m_TagString: Untagged
  m_Icon: {fileID: 0}
  m_NavMeshLayer: 0
  m_StaticEditorFlags: 0
  m_IsActive: 1
--- !u!1 &1268836706492562
GameObject:
  m_ObjectHideFlags: 1
  m_PrefabParentObject: {fileID: 0}
  m_PrefabInternal: {fileID: 100100000}
  serializedVersion: 5
  m_Component:
  - component: {fileID: 4047610523605026}
  m_Layer: 0
  m_Name: Alien_L_Hand
  m_TagString: Untagged
  m_Icon: {fileID: 0}
  m_NavMeshLayer: 0
  m_StaticEditorFlags: 0
  m_IsActive: 1
--- !u!1 &1279976065474192
GameObject:
  m_ObjectHideFlags: 1
  m_PrefabParentObject: {fileID: 0}
  m_PrefabInternal: {fileID: 100100000}
  serializedVersion: 5
  m_Component:
  - component: {fileID: 4503330832795154}
  m_Layer: 0
  m_Name: Alien_R_Middle1
  m_TagString: Untagged
  m_Icon: {fileID: 0}
  m_NavMeshLayer: 0
  m_StaticEditorFlags: 0
  m_IsActive: 1
--- !u!1 &1285576587345356
GameObject:
  m_ObjectHideFlags: 0
  m_PrefabParentObject: {fileID: 0}
  m_PrefabInternal: {fileID: 100100000}
  serializedVersion: 5
  m_Component:
  - component: {fileID: 4160463507926748}
  m_Layer: 0
  m_Name: Alien_ToesGizmo 1
  m_TagString: Untagged
  m_Icon: {fileID: 0}
  m_NavMeshLayer: 0
  m_StaticEditorFlags: 0
  m_IsActive: 1
--- !u!1 &1287281852458366
GameObject:
  m_ObjectHideFlags: 1
  m_PrefabParentObject: {fileID: 0}
  m_PrefabInternal: {fileID: 100100000}
  serializedVersion: 5
  m_Component:
  - component: {fileID: 4358628969718430}
  m_Layer: 0
  m_Name: Alien_L_Upper_Leg
  m_TagString: Untagged
  m_Icon: {fileID: 0}
  m_NavMeshLayer: 0
  m_StaticEditorFlags: 0
  m_IsActive: 1
--- !u!1 &1292814505952892
GameObject:
  m_ObjectHideFlags: 1
  m_PrefabParentObject: {fileID: 0}
  m_PrefabInternal: {fileID: 100100000}
  serializedVersion: 5
  m_Component:
  - component: {fileID: 4282713136821082}
  m_Layer: 0
  m_Name: Alien_L_Lower_Leg
  m_TagString: Untagged
  m_Icon: {fileID: 0}
  m_NavMeshLayer: 0
  m_StaticEditorFlags: 0
  m_IsActive: 1
--- !u!1 &1298257947748408
GameObject:
  m_ObjectHideFlags: 1
  m_PrefabParentObject: {fileID: 0}
  m_PrefabInternal: {fileID: 100100000}
  serializedVersion: 5
  m_Component:
  - component: {fileID: 4042789931940258}
  m_Layer: 0
  m_Name: Alien_R_Upper_Leg
  m_TagString: Untagged
  m_Icon: {fileID: 0}
  m_NavMeshLayer: 0
  m_StaticEditorFlags: 0
  m_IsActive: 1
--- !u!1 &1372097583491070
GameObject:
  m_ObjectHideFlags: 0
  m_PrefabParentObject: {fileID: 0}
  m_PrefabInternal: {fileID: 100100000}
  serializedVersion: 5
  m_Component:
  - component: {fileID: 4663179650517566}
  m_Layer: 0
  m_Name: Alien_R_Middle2Gizmo
  m_TagString: Untagged
  m_Icon: {fileID: 0}
  m_NavMeshLayer: 0
  m_StaticEditorFlags: 0
  m_IsActive: 1
--- !u!1 &1373352099998918
GameObject:
  m_ObjectHideFlags: 0
  m_PrefabParentObject: {fileID: 0}
  m_PrefabInternal: {fileID: 100100000}
  serializedVersion: 5
  m_Component:
  - component: {fileID: 4699768920208202}
  m_Layer: 0
  m_Name: Alien_R_Thumb2Gizmo
  m_TagString: Untagged
  m_Icon: {fileID: 0}
  m_NavMeshLayer: 0
  m_StaticEditorFlags: 0
  m_IsActive: 1
--- !u!1 &1376658675021222
GameObject:
  m_ObjectHideFlags: 1
  m_PrefabParentObject: {fileID: 0}
  m_PrefabInternal: {fileID: 100100000}
  serializedVersion: 5
  m_Component:
  - component: {fileID: 4399752972630016}
  m_Layer: 0
  m_Name: Alien_Backskirt2
  m_TagString: Untagged
  m_Icon: {fileID: 0}
  m_NavMeshLayer: 0
  m_StaticEditorFlags: 0
  m_IsActive: 1
--- !u!1 &1378661717202702
GameObject:
  m_ObjectHideFlags: 1
  m_PrefabParentObject: {fileID: 0}
  m_PrefabInternal: {fileID: 100100000}
  serializedVersion: 5
  m_Component:
  - component: {fileID: 4184520181470362}
  - component: {fileID: 137592091778909910}
  m_Layer: 0
  m_Name: Eyes
  m_TagString: Untagged
  m_Icon: {fileID: 0}
  m_NavMeshLayer: 0
  m_StaticEditorFlags: 0
  m_IsActive: 1
--- !u!1 &1393731022447748
GameObject:
  m_ObjectHideFlags: 1
  m_PrefabParentObject: {fileID: 0}
  m_PrefabInternal: {fileID: 100100000}
  serializedVersion: 5
  m_Component:
  - component: {fileID: 4024306511886792}
  m_Layer: 0
  m_Name: Alien_Neck
  m_TagString: Untagged
  m_Icon: {fileID: 0}
  m_NavMeshLayer: 0
  m_StaticEditorFlags: 0
  m_IsActive: 1
--- !u!1 &1424485326531842
GameObject:
  m_ObjectHideFlags: 1
  m_PrefabParentObject: {fileID: 0}
  m_PrefabInternal: {fileID: 100100000}
  serializedVersion: 5
  m_Component:
  - component: {fileID: 4232489640884244}
  m_Layer: 0
  m_Name: Alien_L_Middle2
  m_TagString: Untagged
  m_Icon: {fileID: 0}
  m_NavMeshLayer: 0
  m_StaticEditorFlags: 0
  m_IsActive: 1
--- !u!1 &1426360068504536
GameObject:
  m_ObjectHideFlags: 0
  m_PrefabParentObject: {fileID: 0}
  m_PrefabInternal: {fileID: 100100000}
  serializedVersion: 5
  m_Component:
  - component: {fileID: 4777047444216788}
  m_Layer: 0
  m_Name: Alien_L_Forefinger2Gizmo
  m_TagString: Untagged
  m_Icon: {fileID: 0}
  m_NavMeshLayer: 0
  m_StaticEditorFlags: 0
  m_IsActive: 1
--- !u!1 &1452397426000284
GameObject:
  m_ObjectHideFlags: 0
  m_PrefabParentObject: {fileID: 0}
  m_PrefabInternal: {fileID: 100100000}
  serializedVersion: 5
  m_Component:
  - component: {fileID: 4348044413239092}
  m_Layer: 0
  m_Name: Alien_L_Middle2Gizmo
  m_TagString: Untagged
  m_Icon: {fileID: 0}
  m_NavMeshLayer: 0
  m_StaticEditorFlags: 0
  m_IsActive: 1
--- !u!1 &1454435751089474
GameObject:
  m_ObjectHideFlags: 0
  m_PrefabParentObject: {fileID: 0}
  m_PrefabInternal: {fileID: 100100000}
  serializedVersion: 5
  m_Component:
  - component: {fileID: 4023982652987206}
  m_Layer: 0
  m_Name: Alien_L_Upper_ArmGizmo
  m_TagString: Untagged
  m_Icon: {fileID: 0}
  m_NavMeshLayer: 0
  m_StaticEditorFlags: 0
  m_IsActive: 1
--- !u!1 &1481492866419564
GameObject:
  m_ObjectHideFlags: 0
  m_PrefabParentObject: {fileID: 0}
  m_PrefabInternal: {fileID: 100100000}
  serializedVersion: 5
  m_Component:
  - component: {fileID: 4178795841259538}
  m_Layer: 0
  m_Name: Alien_R_Forefinger2Gizmo
  m_TagString: Untagged
  m_Icon: {fileID: 0}
  m_NavMeshLayer: 0
  m_StaticEditorFlags: 0
  m_IsActive: 1
--- !u!1 &1489098824674084
GameObject:
  m_ObjectHideFlags: 0
  m_PrefabParentObject: {fileID: 0}
  m_PrefabInternal: {fileID: 100100000}
  serializedVersion: 5
  m_Component:
  - component: {fileID: 4221028855908962}
  m_Layer: 0
  m_Name: Alien_R_Thumb3Gizmo
  m_TagString: Untagged
  m_Icon: {fileID: 0}
  m_NavMeshLayer: 0
  m_StaticEditorFlags: 0
  m_IsActive: 1
--- !u!1 &1490353726549554
GameObject:
  m_ObjectHideFlags: 1
  m_PrefabParentObject: {fileID: 0}
  m_PrefabInternal: {fileID: 100100000}
  serializedVersion: 5
  m_Component:
  - component: {fileID: 4062019585838868}
  m_Layer: 0
  m_Name: Spear Controller
  m_TagString: Untagged
  m_Icon: {fileID: 0}
  m_NavMeshLayer: 0
  m_StaticEditorFlags: 0
  m_IsActive: 1
--- !u!1 &1500536193368708
GameObject:
  m_ObjectHideFlags: 0
  m_PrefabParentObject: {fileID: 0}
  m_PrefabInternal: {fileID: 100100000}
  serializedVersion: 5
  m_Component:
  - component: {fileID: 4148694808863322}
  m_Layer: 0
  m_Name: Alien_HipsGizmo
  m_TagString: Untagged
  m_Icon: {fileID: 0}
  m_NavMeshLayer: 0
  m_StaticEditorFlags: 0
  m_IsActive: 1
--- !u!1 &1512692148565056
GameObject:
  m_ObjectHideFlags: 1
  m_PrefabParentObject: {fileID: 0}
  m_PrefabInternal: {fileID: 100100000}
  serializedVersion: 5
  m_Component:
  - component: {fileID: 4536043844992272}
  m_Layer: 0
  m_Name: Alien_R_Thumb3
  m_TagString: Untagged
  m_Icon: {fileID: 0}
  m_NavMeshLayer: 0
  m_StaticEditorFlags: 0
  m_IsActive: 1
--- !u!1 &1514356031501160
GameObject:
  m_ObjectHideFlags: 1
  m_PrefabParentObject: {fileID: 0}
  m_PrefabInternal: {fileID: 100100000}
  serializedVersion: 5
  m_Component:
  - component: {fileID: 4160311652777924}
  m_Layer: 0
  m_Name: Alien_R_Upper_Arm
  m_TagString: Untagged
  m_Icon: {fileID: 0}
  m_NavMeshLayer: 0
  m_StaticEditorFlags: 0
  m_IsActive: 1
--- !u!1 &1519198012914120
GameObject:
  m_ObjectHideFlags: 1
  m_PrefabParentObject: {fileID: 0}
  m_PrefabInternal: {fileID: 100100000}
  serializedVersion: 5
  m_Component:
  - component: {fileID: 4895927986630332}
  m_Layer: 0
  m_Name: Alien_R_Thumb1
  m_TagString: Untagged
  m_Icon: {fileID: 0}
  m_NavMeshLayer: 0
  m_StaticEditorFlags: 0
  m_IsActive: 1
--- !u!1 &1547907339061776
GameObject:
  m_ObjectHideFlags: 1
  m_PrefabParentObject: {fileID: 0}
  m_PrefabInternal: {fileID: 100100000}
  serializedVersion: 5
  m_Component:
  - component: {fileID: 4536780589832502}
  m_Layer: 0
  m_Name: Alien_L_Thumb1
  m_TagString: Untagged
  m_Icon: {fileID: 0}
  m_NavMeshLayer: 0
  m_StaticEditorFlags: 0
  m_IsActive: 1
--- !u!1 &1555020446964204
GameObject:
  m_ObjectHideFlags: 1
  m_PrefabParentObject: {fileID: 0}
  m_PrefabInternal: {fileID: 100100000}
  serializedVersion: 5
  m_Component:
  - component: {fileID: 4893264061213086}
  m_Layer: 0
  m_Name: Alien_R_Forefinger3
  m_TagString: Untagged
  m_Icon: {fileID: 0}
  m_NavMeshLayer: 0
  m_StaticEditorFlags: 0
  m_IsActive: 1
--- !u!1 &1573544237194762
GameObject:
  m_ObjectHideFlags: 0
  m_PrefabParentObject: {fileID: 0}
  m_PrefabInternal: {fileID: 100100000}
  serializedVersion: 5
  m_Component:
  - component: {fileID: 4356529055547142}
  m_Layer: 0
  m_Name: Alien_Hips
  m_TagString: Untagged
  m_Icon: {fileID: 0}
  m_NavMeshLayer: 0
  m_StaticEditorFlags: 0
  m_IsActive: 1
--- !u!1 &1580474743669862
GameObject:
  m_ObjectHideFlags: 1
  m_PrefabParentObject: {fileID: 0}
  m_PrefabInternal: {fileID: 100100000}
  serializedVersion: 5
  m_Component:
  - component: {fileID: 4263233825416572}
  m_Layer: 0
  m_Name: Alien_Spine
  m_TagString: Untagged
  m_Icon: {fileID: 0}
  m_NavMeshLayer: 0
  m_StaticEditorFlags: 0
  m_IsActive: 1
--- !u!1 &1586361968396494
GameObject:
  m_ObjectHideFlags: 1
  m_PrefabParentObject: {fileID: 0}
  m_PrefabInternal: {fileID: 100100000}
  serializedVersion: 5
  m_Component:
  - component: {fileID: 4883515550384384}
  m_Layer: 0
  m_Name: Alien_Head
  m_TagString: Untagged
  m_Icon: {fileID: 0}
  m_NavMeshLayer: 0
  m_StaticEditorFlags: 0
  m_IsActive: 1
--- !u!1 &1588427252847732
GameObject:
  m_ObjectHideFlags: 1
  m_PrefabParentObject: {fileID: 0}
  m_PrefabInternal: {fileID: 100100000}
  serializedVersion: 5
  m_Component:
  - component: {fileID: 4769254864199080}
  m_Layer: 0
  m_Name: Alien_L_Shoulder
  m_TagString: Untagged
  m_Icon: {fileID: 0}
  m_NavMeshLayer: 0
  m_StaticEditorFlags: 0
  m_IsActive: 1
--- !u!1 &1614220730098510
GameObject:
  m_ObjectHideFlags: 0
  m_PrefabParentObject: {fileID: 0}
  m_PrefabInternal: {fileID: 100100000}
  serializedVersion: 5
  m_Component:
  - component: {fileID: 4367301255298696}
  m_Layer: 0
  m_Name: Alien_R_Forefinger1Gizmo
  m_TagString: Untagged
  m_Icon: {fileID: 0}
  m_NavMeshLayer: 0
  m_StaticEditorFlags: 0
  m_IsActive: 1
--- !u!1 &1630760020399088
GameObject:
  m_ObjectHideFlags: 0
  m_PrefabParentObject: {fileID: 0}
  m_PrefabInternal: {fileID: 100100000}
  serializedVersion: 5
  m_Component:
  - component: {fileID: 4567700950160646}
  m_Layer: 0
  m_Name: Alien_L_Platform
  m_TagString: Untagged
  m_Icon: {fileID: 0}
  m_NavMeshLayer: 0
  m_StaticEditorFlags: 0
  m_IsActive: 1
--- !u!1 &1645108069699338
GameObject:
  m_ObjectHideFlags: 1
  m_PrefabParentObject: {fileID: 0}
  m_PrefabInternal: {fileID: 100100000}
  serializedVersion: 5
  m_Component:
  - component: {fileID: 4786442843637610}
  m_Layer: 0
  m_Name: Alien_L_Upper_Arm
  m_TagString: Untagged
  m_Icon: {fileID: 0}
  m_NavMeshLayer: 0
  m_StaticEditorFlags: 0
  m_IsActive: 1
--- !u!1 &1665429480176458
GameObject:
  m_ObjectHideFlags: 1
  m_PrefabParentObject: {fileID: 0}
  m_PrefabInternal: {fileID: 100100000}
  serializedVersion: 5
  m_Component:
  - component: {fileID: 4555491655273788}
  m_Layer: 0
  m_Name: Alien_R_Forefinger2
  m_TagString: Untagged
  m_Icon: {fileID: 0}
  m_NavMeshLayer: 0
  m_StaticEditorFlags: 0
  m_IsActive: 1
--- !u!1 &1679218893992388
GameObject:
  m_ObjectHideFlags: 0
  m_PrefabParentObject: {fileID: 0}
  m_PrefabInternal: {fileID: 100100000}
  serializedVersion: 5
  m_Component:
  - component: {fileID: 4081517239832718}
  m_Layer: 0
  m_Name: Alien_R_HandGizmo
  m_TagString: Untagged
  m_Icon: {fileID: 0}
  m_NavMeshLayer: 0
  m_StaticEditorFlags: 0
  m_IsActive: 1
--- !u!1 &1691116468677780
GameObject:
  m_ObjectHideFlags: 0
  m_PrefabParentObject: {fileID: 0}
  m_PrefabInternal: {fileID: 100100000}
  serializedVersion: 5
  m_Component:
  - component: {fileID: 4479581445300482}
  m_Layer: 0
  m_Name: Alien_L_Middle3Gizmo
  m_TagString: Untagged
  m_Icon: {fileID: 0}
  m_NavMeshLayer: 0
  m_StaticEditorFlags: 0
  m_IsActive: 1
--- !u!1 &1692679177914882
GameObject:
  m_ObjectHideFlags: 1
  m_PrefabParentObject: {fileID: 0}
  m_PrefabInternal: {fileID: 100100000}
  serializedVersion: 5
  m_Component:
  - component: {fileID: 4326871723114176}
  m_Layer: 0
  m_Name: Alien_L_Thumb2
  m_TagString: Untagged
  m_Icon: {fileID: 0}
  m_NavMeshLayer: 0
  m_StaticEditorFlags: 0
  m_IsActive: 1
--- !u!1 &1705172892052258
GameObject:
  m_ObjectHideFlags: 1
  m_PrefabParentObject: {fileID: 0}
  m_PrefabInternal: {fileID: 100100000}
  serializedVersion: 5
  m_Component:
  - component: {fileID: 4032360603918566}
  m_Layer: 0
  m_Name: Alien_Chest
  m_TagString: Untagged
  m_Icon: {fileID: 0}
  m_NavMeshLayer: 0
  m_StaticEditorFlags: 0
  m_IsActive: 1
--- !u!1 &1705381974282044
GameObject:
  m_ObjectHideFlags: 0
  m_PrefabParentObject: {fileID: 0}
  m_PrefabInternal: {fileID: 100100000}
  serializedVersion: 5
  m_Component:
  - component: {fileID: 4316505289949796}
  m_Layer: 0
  m_Name: Alien_Tail1Gizmo 1
  m_TagString: Untagged
  m_Icon: {fileID: 0}
  m_NavMeshLayer: 0
  m_StaticEditorFlags: 0
  m_IsActive: 1
--- !u!1 &1725892035307168
GameObject:
  m_ObjectHideFlags: 0
  m_PrefabParentObject: {fileID: 0}
  m_PrefabInternal: {fileID: 100100000}
  serializedVersion: 5
  m_Component:
  - component: {fileID: 4878580067265176}
  m_Layer: 0
  m_Name: Alien_R_Upper_ArmGizmo
  m_TagString: Untagged
  m_Icon: {fileID: 0}
  m_NavMeshLayer: 0
  m_StaticEditorFlags: 0
  m_IsActive: 1
--- !u!1 &1727352765843120
GameObject:
  m_ObjectHideFlags: 0
  m_PrefabParentObject: {fileID: 0}
  m_PrefabInternal: {fileID: 100100000}
  serializedVersion: 5
  m_Component:
  - component: {fileID: 4336555748892788}
  m_Layer: 0
  m_Name: Alien_R_Platform
  m_TagString: Untagged
  m_Icon: {fileID: 0}
  m_NavMeshLayer: 0
  m_StaticEditorFlags: 0
  m_IsActive: 1
--- !u!1 &1796442526757568
GameObject:
  m_ObjectHideFlags: 1
  m_PrefabParentObject: {fileID: 0}
  m_PrefabInternal: {fileID: 100100000}
  serializedVersion: 5
  m_Component:
  - component: {fileID: 4379818485023296}
  m_Layer: 0
  m_Name: Alien_R_Ankle
  m_TagString: Untagged
  m_Icon: {fileID: 0}
  m_NavMeshLayer: 0
  m_StaticEditorFlags: 0
  m_IsActive: 1
--- !u!1 &1805056417706390
GameObject:
  m_ObjectHideFlags: 1
  m_PrefabParentObject: {fileID: 0}
  m_PrefabInternal: {fileID: 100100000}
  serializedVersion: 5
  m_Component:
  - component: {fileID: 4799090468614302}
  m_Layer: 0
  m_Name: Alien_L_Middle3
  m_TagString: Untagged
  m_Icon: {fileID: 0}
  m_NavMeshLayer: 0
  m_StaticEditorFlags: 0
  m_IsActive: 1
--- !u!1 &1809710788376850
GameObject:
  m_ObjectHideFlags: 1
  m_PrefabParentObject: {fileID: 0}
  m_PrefabInternal: {fileID: 100100000}
  serializedVersion: 5
  m_Component:
  - component: {fileID: 4687108108273632}
  - component: {fileID: 137880941666241558}
  m_Layer: 0
  m_Name: Neck Armor
  m_TagString: Untagged
  m_Icon: {fileID: 0}
  m_NavMeshLayer: 0
  m_StaticEditorFlags: 0
  m_IsActive: 1
--- !u!1 &1820055451208542
GameObject:
  m_ObjectHideFlags: 0
  m_PrefabParentObject: {fileID: 0}
  m_PrefabInternal: {fileID: 100100000}
  serializedVersion: 5
  m_Component:
  - component: {fileID: 4243064367983424}
  m_Layer: 0
  m_Name: Alien_L_Forefinger1Gizmo
  m_TagString: Untagged
  m_Icon: {fileID: 0}
  m_NavMeshLayer: 0
  m_StaticEditorFlags: 0
  m_IsActive: 1
--- !u!1 &1822217943224912
GameObject:
  m_ObjectHideFlags: 1
  m_PrefabParentObject: {fileID: 0}
  m_PrefabInternal: {fileID: 100100000}
  serializedVersion: 5
  m_Component:
  - component: {fileID: 4455850885549580}
  m_Layer: 0
  m_Name: Alien_R_Thumb2
  m_TagString: Untagged
  m_Icon: {fileID: 0}
  m_NavMeshLayer: 0
  m_StaticEditorFlags: 0
  m_IsActive: 1
--- !u!1 &1843318322663962
GameObject:
  m_ObjectHideFlags: 1
  m_PrefabParentObject: {fileID: 0}
  m_PrefabInternal: {fileID: 100100000}
  serializedVersion: 5
  m_Component:
  - component: {fileID: 4624752668276650}
  m_Layer: 0
  m_Name: Alien_R_Shoulder
  m_TagString: Untagged
  m_Icon: {fileID: 0}
  m_NavMeshLayer: 0
  m_StaticEditorFlags: 0
  m_IsActive: 1
--- !u!1 &1847323019736398
GameObject:
  m_ObjectHideFlags: 1
  m_PrefabParentObject: {fileID: 0}
  m_PrefabInternal: {fileID: 100100000}
  serializedVersion: 5
  m_Component:
  - component: {fileID: 4018095143043286}
  m_Layer: 0
  m_Name: Alien_L_Thumb3
  m_TagString: Untagged
  m_Icon: {fileID: 0}
  m_NavMeshLayer: 0
  m_StaticEditorFlags: 0
  m_IsActive: 1
--- !u!1 &1855126401569936
GameObject:
  m_ObjectHideFlags: 1
  m_PrefabParentObject: {fileID: 0}
  m_PrefabInternal: {fileID: 100100000}
  serializedVersion: 5
  m_Component:
  - component: {fileID: 4877733207851150}
  m_Layer: 0
  m_Name: Alien_L_Forefinger1
  m_TagString: Untagged
  m_Icon: {fileID: 0}
  m_NavMeshLayer: 0
  m_StaticEditorFlags: 0
  m_IsActive: 1
--- !u!1 &1867190181987074
GameObject:
  m_ObjectHideFlags: 1
  m_PrefabParentObject: {fileID: 0}
  m_PrefabInternal: {fileID: 100100000}
  serializedVersion: 5
  m_Component:
  - component: {fileID: 4582460879484920}
  m_Layer: 0
  m_Name: Alien_Toes
  m_TagString: Untagged
  m_Icon: {fileID: 0}
  m_NavMeshLayer: 0
  m_StaticEditorFlags: 0
  m_IsActive: 1
--- !u!1 &1875361881849304
GameObject:
  m_ObjectHideFlags: 0
  m_PrefabParentObject: {fileID: 0}
  m_PrefabInternal: {fileID: 100100000}
  serializedVersion: 5
  m_Component:
  - component: {fileID: 4808113576421580}
  m_Layer: 0
  m_Name: Alien_L_HandGizmo
  m_TagString: Untagged
  m_Icon: {fileID: 0}
  m_NavMeshLayer: 0
  m_StaticEditorFlags: 0
  m_IsActive: 1
--- !u!1 &1880110447242540
GameObject:
  m_ObjectHideFlags: 0
  m_PrefabParentObject: {fileID: 0}
  m_PrefabInternal: {fileID: 100100000}
  serializedVersion: 5
  m_Component:
  - component: {fileID: 4287545292749166}
  m_Layer: 0
  m_Name: Alien_L_Thumb1Gizmo
  m_TagString: Untagged
  m_Icon: {fileID: 0}
  m_NavMeshLayer: 0
  m_StaticEditorFlags: 0
  m_IsActive: 1
--- !u!1 &1889550171439906
GameObject:
  m_ObjectHideFlags: 1
  m_PrefabParentObject: {fileID: 0}
  m_PrefabInternal: {fileID: 100100000}
  serializedVersion: 5
  m_Component:
  - component: {fileID: 4629667401882404}
  m_Layer: 0
  m_Name: Alien_R_Middle2
  m_TagString: Untagged
  m_Icon: {fileID: 0}
  m_NavMeshLayer: 0
  m_StaticEditorFlags: 0
  m_IsActive: 1
--- !u!1 &1896827014667714
GameObject:
  m_ObjectHideFlags: 0
  m_PrefabParentObject: {fileID: 0}
  m_PrefabInternal: {fileID: 100100000}
  serializedVersion: 5
  m_Component:
  - component: {fileID: 4031930125027410}
  m_Layer: 0
  m_Name: Alien_L_Thumb2Gizmo
  m_TagString: Untagged
  m_Icon: {fileID: 0}
  m_NavMeshLayer: 0
  m_StaticEditorFlags: 0
  m_IsActive: 1
--- !u!1 &1913911993773870
GameObject:
  m_ObjectHideFlags: 0
  m_PrefabParentObject: {fileID: 0}
  m_PrefabInternal: {fileID: 100100000}
  serializedVersion: 5
  m_Component:
  - component: {fileID: 4298055690862086}
  m_Layer: 0
  m_Name: Alien_Tail2Gizmo 1
  m_TagString: Untagged
  m_Icon: {fileID: 0}
  m_NavMeshLayer: 0
  m_StaticEditorFlags: 0
  m_IsActive: 1
--- !u!1 &1920990817550878
GameObject:
  m_ObjectHideFlags: 1
  m_PrefabParentObject: {fileID: 0}
  m_PrefabInternal: {fileID: 100100000}
  serializedVersion: 5
  m_Component:
  - component: {fileID: 4860699567911660}
  m_Layer: 0
  m_Name: Alien_R_Lower_Leg
  m_TagString: Untagged
  m_Icon: {fileID: 0}
  m_NavMeshLayer: 0
  m_StaticEditorFlags: 0
  m_IsActive: 1
--- !u!1 &1953771126136980
GameObject:
  m_ObjectHideFlags: 0
  m_PrefabParentObject: {fileID: 0}
  m_PrefabInternal: {fileID: 100100000}
  serializedVersion: 5
  m_Component:
  - component: {fileID: 4616355045187504}
  m_Layer: 0
  m_Name: Alien_L_Middle1Gizmo
  m_TagString: Untagged
  m_Icon: {fileID: 0}
  m_NavMeshLayer: 0
  m_StaticEditorFlags: 0
  m_IsActive: 1
--- !u!1 &1955783914879546
GameObject:
  m_ObjectHideFlags: 0
  m_PrefabParentObject: {fileID: 0}
  m_PrefabInternal: {fileID: 100100000}
  serializedVersion: 5
  m_Component:
  - component: {fileID: 4295410741298982}
  - component: {fileID: 95263140290826302}
  m_Layer: 0
  m_Name: Alien Orange Prefab
  m_TagString: Untagged
  m_Icon: {fileID: 0}
  m_NavMeshLayer: 0
  m_StaticEditorFlags: 0
  m_IsActive: 1
--- !u!1 &1957942478626000
GameObject:
  m_ObjectHideFlags: 0
  m_PrefabParentObject: {fileID: 0}
  m_PrefabInternal: {fileID: 100100000}
  serializedVersion: 5
  m_Component:
  - component: {fileID: 4737930043865224}
  m_Layer: 0
  m_Name: Alien_L_Forefinger3Gizmo
  m_TagString: Untagged
  m_Icon: {fileID: 0}
  m_NavMeshLayer: 0
  m_StaticEditorFlags: 0
  m_IsActive: 1
--- !u!1 &1962978803427758
GameObject:
  m_ObjectHideFlags: 0
  m_PrefabParentObject: {fileID: 0}
  m_PrefabInternal: {fileID: 100100000}
  serializedVersion: 5
  m_Component:
  - component: {fileID: 4706915164049726}
  m_Layer: 0
  m_Name: Alien_R_Lower_ArmGizmo
  m_TagString: Untagged
  m_Icon: {fileID: 0}
  m_NavMeshLayer: 0
  m_StaticEditorFlags: 0
  m_IsActive: 1
--- !u!1 &1969154970103006
GameObject:
  m_ObjectHideFlags: 1
  m_PrefabParentObject: {fileID: 0}
  m_PrefabInternal: {fileID: 100100000}
  serializedVersion: 5
  m_Component:
  - component: {fileID: 4930086896170878}
  - component: {fileID: 137148290396115310}
  m_Layer: 0
  m_Name: Hip Armor
  m_TagString: Untagged
  m_Icon: {fileID: 0}
  m_NavMeshLayer: 0
  m_StaticEditorFlags: 0
  m_IsActive: 1
--- !u!1 &1985846374447912
GameObject:
  m_ObjectHideFlags: 0
  m_PrefabParentObject: {fileID: 0}
  m_PrefabInternal: {fileID: 100100000}
  serializedVersion: 5
  m_Component:
  - component: {fileID: 4183281202179258}
  m_Layer: 0
  m_Name: Alien_ToesGizmo
  m_TagString: Untagged
  m_Icon: {fileID: 0}
  m_NavMeshLayer: 0
  m_StaticEditorFlags: 0
  m_IsActive: 1
--- !u!1 &1993736771675274
GameObject:
  m_ObjectHideFlags: 0
  m_PrefabParentObject: {fileID: 0}
  m_PrefabInternal: {fileID: 100100000}
  serializedVersion: 5
  m_Component:
  - component: {fileID: 4035756211442640}
  m_Layer: 0
  m_Name: Alien_ChestGizmo
  m_TagString: Untagged
  m_Icon: {fileID: 0}
  m_NavMeshLayer: 0
  m_StaticEditorFlags: 0
  m_IsActive: 1
--- !u!4 &4002202336611184
Transform:
  m_ObjectHideFlags: 1
  m_PrefabParentObject: {fileID: 0}
  m_PrefabInternal: {fileID: 100100000}
  m_GameObject: {fileID: 1037267825601170}
  m_LocalRotation: {x: 0.50847894, y: 0.4913748, z: -0.50847894, w: -0.4913748}
  m_LocalPosition: {x: 1.34456e-11, y: 380.03537, z: -51.84947}
  m_LocalScale: {x: 25.4, y: 25.4, z: 25.4}
  m_Children: []
  m_Father: {fileID: 4295410741298982}
  m_RootOrder: 32
  m_LocalEulerAnglesHint: {x: 0, y: 0, z: 0}
--- !u!4 &4018095143043286
Transform:
  m_ObjectHideFlags: 1
  m_PrefabParentObject: {fileID: 0}
  m_PrefabInternal: {fileID: 100100000}
  m_GameObject: {fileID: 1847323019736398}
  m_LocalRotation: {x: 0.08142068, y: 0.014165757, z: 0.24031912, w: 0.96716946}
  m_LocalPosition: {x: -0.65064955, y: -0.0000019073486, z: 0}
  m_LocalScale: {x: 0.99999446, y: 1.0000056, z: 1.0000002}
  m_Children: []
  m_Father: {fileID: 4326871723114176}
  m_RootOrder: 0
  m_LocalEulerAnglesHint: {x: 0, y: 0, z: 0}
--- !u!4 &4023982652987206
Transform:
  m_ObjectHideFlags: 1
  m_PrefabParentObject: {fileID: 0}
  m_PrefabInternal: {fileID: 100100000}
  m_GameObject: {fileID: 1454435751089474}
  m_LocalRotation: {x: 0.6616097, y: 0.14136013, z: 0.33085272, w: 0.65789545}
  m_LocalPosition: {x: -45.096, y: 601.88116, z: -23.950626}
  m_LocalScale: {x: 25.39999, y: 25.400003, z: 25.40001}
  m_Children: []
  m_Father: {fileID: 4295410741298982}
  m_RootOrder: 18
  m_LocalEulerAnglesHint: {x: 0, y: 0, z: 0}
--- !u!4 &4024306511886792
Transform:
  m_ObjectHideFlags: 1
  m_PrefabParentObject: {fileID: 0}
  m_PrefabInternal: {fileID: 100100000}
  m_GameObject: {fileID: 1393731022447748}
  m_LocalRotation: {x: 0.0000008395398, y: -0.0000125448705, z: -0.16695715, w: 0.9859642}
  m_LocalPosition: {x: -2.9826412, y: -0.48944497, z: 0.000000073904275}
  m_LocalScale: {x: 0.99999994, y: 0.99999994, z: 1}
  m_Children:
  - {fileID: 4883515550384384}
  m_Father: {fileID: 4032360603918566}
  m_RootOrder: 1
  m_LocalEulerAnglesHint: {x: 0, y: 0, z: 0}
--- !u!4 &4031930125027410
Transform:
  m_ObjectHideFlags: 1
  m_PrefabParentObject: {fileID: 0}
  m_PrefabInternal: {fileID: 100100000}
  m_GameObject: {fileID: 1896827014667714}
  m_LocalRotation: {x: 0.10072213, y: 0.50786847, z: 0.18863311, w: 0.8344713}
  m_LocalPosition: {x: -223.74593, y: 464.35165, z: 0.76218396}
  m_LocalScale: {x: 25.400024, y: 25.399837, z: 25.40015}
  m_Children: []
  m_Father: {fileID: 4295410741298982}
  m_RootOrder: 16
  m_LocalEulerAnglesHint: {x: 0, y: 0, z: 0}
--- !u!4 &4032360603918566
Transform:
  m_ObjectHideFlags: 1
  m_PrefabParentObject: {fileID: 0}
  m_PrefabInternal: {fileID: 100100000}
  m_GameObject: {fileID: 1705172892052258}
  m_LocalRotation: {x: -1.2863899e-14, y: -0.000000011906318, z: -0.078852, w: 0.9968863}
  m_LocalPosition: {x: -2.7908592, y: 0, z: 0}
  m_LocalScale: {x: 0.9999999, y: 0.9999999, z: 1}
  m_Children:
  - {fileID: 4769254864199080}
  - {fileID: 4024306511886792}
  - {fileID: 4624752668276650}
  m_Father: {fileID: 4263233825416572}
  m_RootOrder: 0
  m_LocalEulerAnglesHint: {x: 0, y: 0, z: 0}
--- !u!4 &4035756211442640
Transform:
  m_ObjectHideFlags: 1
  m_PrefabParentObject: {fileID: 0}
  m_PrefabInternal: {fileID: 100100000}
  m_GameObject: {fileID: 1993736771675274}
  m_LocalRotation: {x: 0.50000006, y: -0.50000006, z: -0.49999997, w: 0.49999997}
  m_LocalPosition: {x: 1.0195371e-11, y: 522.6852, z: -16.436586}
  m_LocalScale: {x: 25.4, y: 25.4, z: 25.4}
  m_Children: []
  m_Father: {fileID: 4295410741298982}
  m_RootOrder: 2
  m_LocalEulerAnglesHint: {x: 0, y: 0, z: 0}
--- !u!4 &4042789931940258
Transform:
  m_ObjectHideFlags: 1
  m_PrefabParentObject: {fileID: 0}
  m_PrefabInternal: {fileID: 100100000}
  m_GameObject: {fileID: 1298257947748408}
  m_LocalRotation: {x: -0.054853737, y: 0.99844354, z: -0.00011636221, w: -0.010080257}
  m_LocalPosition: {x: -0, y: 0, z: -1.7329161}
  m_LocalScale: {x: 0.9999999, y: 1, z: 0.99999994}
  m_Children:
  - {fileID: 4860699567911660}
  m_Father: {fileID: 4356529055547142}
  m_RootOrder: 1
  m_LocalEulerAnglesHint: {x: 0, y: 0, z: 0}
--- !u!4 &4047610523605026
Transform:
  m_ObjectHideFlags: 1
  m_PrefabParentObject: {fileID: 0}
  m_PrefabInternal: {fileID: 100100000}
  m_GameObject: {fileID: 1268836706492562}
  m_LocalRotation: {x: -0.7221801, y: -0.009185859, z: -0.05797804, w: 0.68920976}
  m_LocalPosition: {x: -4.168297, y: 0.00000023841858, z: -0.0000019073486}
  m_LocalScale: {x: 1.0000056, y: 0.9999947, z: 0.99999994}
  m_Children:
  - {fileID: 4877733207851150}
  - {fileID: 4454420656793666}
  - {fileID: 4536780589832502}
  m_Father: {fileID: 4735395781074174}
  m_RootOrder: 0
  m_LocalEulerAnglesHint: {x: 0, y: 0, z: 0}
--- !u!4 &4062019585838868
Transform:
  m_ObjectHideFlags: 1
  m_PrefabParentObject: {fileID: 0}
  m_PrefabInternal: {fileID: 100100000}
  m_GameObject: {fileID: 1490353726549554}
  m_LocalRotation: {x: 0.5609857, y: -0.43045914, z: -0.5609857, w: -0.43045914}
  m_LocalPosition: {x: -16.830423, y: -0.6920807, z: -8.181311}
  m_LocalScale: {x: 0.9999904, y: 1.0000079, z: 1.0000001}
  m_Children:
  - {fileID: 4090744232723196}
  m_Father: {fileID: 4549466879877226}
  m_RootOrder: 0
  m_LocalEulerAnglesHint: {x: 0, y: 0, z: 0}
--- !u!4 &4081517239832718
Transform:
  m_ObjectHideFlags: 1
  m_PrefabParentObject: {fileID: 0}
  m_PrefabInternal: {fileID: 100100000}
  m_GameObject: {fileID: 1679218893992388}
  m_LocalRotation: {x: 0.2857719, y: 0.9468702, z: -0.07078456, w: 0.12946393}
  m_LocalPosition: {x: 207.8063, y: 468.1171, z: -28.465483}
  m_LocalScale: {x: 25.40001, y: 25.39999, z: 25.400002}
  m_Children: []
  m_Father: {fileID: 4295410741298982}
  m_RootOrder: 22
  m_LocalEulerAnglesHint: {x: 0, y: 0, z: 0}
--- !u!4 &4090744232723196
Transform:
  m_ObjectHideFlags: 1
  m_PrefabParentObject: {fileID: 0}
  m_PrefabInternal: {fileID: 100100000}
  m_GameObject: {fileID: 1213174427855970}
  m_LocalRotation: {x: -6.9165874e-11, y: -0.0000000324778, z: 0.99253976, w: -0.12192127}
  m_LocalPosition: {x: -0, y: 0, z: 0}
  m_LocalScale: {x: 1.8495208, y: 1.8495208, z: 1.8495207}
  m_Children: []
  m_Father: {fileID: 4062019585838868}
  m_RootOrder: 0
  m_LocalEulerAnglesHint: {x: 0, y: 0, z: 0}
--- !u!4 &4108731602061356
Transform:
  m_ObjectHideFlags: 1
  m_PrefabParentObject: {fileID: 0}
  m_PrefabInternal: {fileID: 100100000}
  m_GameObject: {fileID: 1225092384382496}
  m_LocalRotation: {x: 0.50847894, y: 0.4913748, z: -0.50847894, w: -0.4913748}
  m_LocalPosition: {x: 1.34456e-11, y: 322.39554, z: -49.876846}
  m_LocalScale: {x: 25.399998, y: 25.399998, z: 25.4}
  m_Children: []
  m_Father: {fileID: 4295410741298982}
  m_RootOrder: 34
  m_LocalEulerAnglesHint: {x: 0, y: 0, z: 0}
--- !u!4 &4148694808863322
Transform:
  m_ObjectHideFlags: 1
  m_PrefabParentObject: {fileID: 0}
  m_PrefabInternal: {fileID: 100100000}
  m_GameObject: {fileID: 1500536193368708}
  m_LocalRotation: {x: 0.50000006, y: -0.50000006, z: -0.49999997, w: 0.49999997}
  m_LocalPosition: {x: 1.1279866e-11, y: 420.05865, z: -5.2982483}
  m_LocalScale: {x: 25.4, y: 25.4, z: 25.4}
  m_Children: []
  m_Father: {fileID: 4295410741298982}
  m_RootOrder: 5
  m_LocalEulerAnglesHint: {x: 0, y: 0, z: 0}
--- !u!4 &4160311652777924
Transform:
  m_ObjectHideFlags: 1
  m_PrefabParentObject: {fileID: 0}
  m_PrefabInternal: {fileID: 100100000}
  m_GameObject: {fileID: 1514356031501160}
  m_LocalRotation: {x: -0.12134134, y: -0.34512165, z: -0.20619662, w: 0.9075518}
  m_LocalPosition: {x: -1.6141307, y: 0.000001013279, z: 0}
  m_LocalScale: {x: 1.0000004, y: 0.9999998, z: 0.99999994}
  m_Children:
  - {fileID: 4441709041441238}
  m_Father: {fileID: 4624752668276650}
  m_RootOrder: 0
  m_LocalEulerAnglesHint: {x: 0, y: 0, z: 0}
--- !u!4 &4160463507926748
Transform:
  m_ObjectHideFlags: 1
  m_PrefabParentObject: {fileID: 0}
  m_PrefabInternal: {fileID: 100100000}
  m_GameObject: {fileID: 1285576587345356}
  m_LocalRotation: {x: 0.053882975, y: 0.7002801, z: 0.056559533, w: 0.7095812}
  m_LocalPosition: {x: -56.811737, y: 11.56884, z: 11.448859}
  m_LocalScale: {x: 25.399996, y: 25.399998, z: 25.400002}
  m_Children: []
  m_Father: {fileID: 4295410741298982}
  m_RootOrder: 38
  m_LocalEulerAnglesHint: {x: 0, y: 0, z: 0}
--- !u!4 &4172433894879860
Transform:
  m_ObjectHideFlags: 1
  m_PrefabParentObject: {fileID: 0}
  m_PrefabInternal: {fileID: 100100000}
  m_GameObject: {fileID: 1055002960798354}
  m_LocalRotation: {x: 0.003966868, y: -0.0014857699, z: -0.30945948, w: 0.95090324}
  m_LocalPosition: {x: -1.8932598, y: 0.21317369, z: 0.2303412}
  m_LocalScale: {x: 0.9999998, y: 1, z: 1.0000002}
  m_Children: []
  m_Father: {fileID: 4379818485023296}
  m_RootOrder: 0
  m_LocalEulerAnglesHint: {x: 0, y: 0, z: 0}
--- !u!4 &4178795841259538
Transform:
  m_ObjectHideFlags: 1
  m_PrefabParentObject: {fileID: 0}
  m_PrefabInternal: {fileID: 100100000}
  m_GameObject: {fileID: 1481492866419564}
  m_LocalRotation: {x: 0.5575857, y: 0.808919, z: -0.04934391, w: 0.17975928}
  m_LocalPosition: {x: 260.84064, y: 435.68497, z: -6.668079}
  m_LocalScale: {x: 25.399961, y: 25.400042, z: 25.399998}
  m_Children: []
  m_Father: {fileID: 4295410741298982}
  m_RootOrder: 20
  m_LocalEulerAnglesHint: {x: 0, y: 0, z: 0}
--- !u!4 &4183281202179258
Transform:
  m_ObjectHideFlags: 1
  m_PrefabParentObject: {fileID: 0}
  m_PrefabInternal: {fileID: 100100000}
  m_GameObject: {fileID: 1985846374447912}
  m_LocalRotation: {x: 0.05655854, y: 0.7095812, z: 0.053881835, w: 0.70028025}
  m_LocalPosition: {x: 58.11767, y: 11.568816, z: 11.448929}
  m_LocalScale: {x: 25.399998, y: 25.400002, z: 25.400005}
  m_Children: []
  m_Father: {fileID: 4295410741298982}
  m_RootOrder: 37
  m_LocalEulerAnglesHint: {x: 0, y: 0, z: 0}
--- !u!4 &4184520181470362
Transform:
  m_ObjectHideFlags: 1
  m_PrefabParentObject: {fileID: 0}
  m_PrefabInternal: {fileID: 100100000}
  m_GameObject: {fileID: 1378661717202702}
  m_LocalRotation: {x: 0, y: -0, z: -0, w: 1}
  m_LocalPosition: {x: -0, y: -0.0000009536743, z: 0}
  m_LocalScale: {x: 1, y: 1, z: 1}
  m_Children: []
  m_Father: {fileID: 4744888964054716}
  m_RootOrder: 0
  m_LocalEulerAnglesHint: {x: 0, y: 0, z: 0}
--- !u!4 &4221028855908962
Transform:
  m_ObjectHideFlags: 1
  m_PrefabParentObject: {fileID: 0}
  m_PrefabInternal: {fileID: 100100000}
  m_GameObject: {fileID: 1489098824674084}
  m_LocalRotation: {x: 0.34305525, y: 0.7463495, z: 0.2847348, w: 0.49416763}
  m_LocalPosition: {x: 230.57117, y: 457.45807, z: 14.142145}
  m_LocalScale: {x: 25.40002, y: 25.399963, z: 25.400017}
  m_Children: []
  m_Father: {fileID: 4295410741298982}
  m_RootOrder: 30
  m_LocalEulerAnglesHint: {x: 0, y: 0, z: 0}
--- !u!4 &4232489640884244
Transform:
  m_ObjectHideFlags: 1
  m_PrefabParentObject: {fileID: 0}
  m_PrefabInternal: {fileID: 100100000}
  m_GameObject: {fileID: 1424485326531842}
  m_LocalRotation: {x: 0.032064255, y: -0.0050446186, z: 0.18201688, w: 0.98275954}
  m_LocalPosition: {x: -1.0233784, y: 0, z: 0}
  m_LocalScale: {x: 0.99999905, y: 1.0000008, z: 0.99999976}
  m_Children:
  - {fileID: 4799090468614302}
  m_Father: {fileID: 4454420656793666}
  m_RootOrder: 0
  m_LocalEulerAnglesHint: {x: 0, y: 0, z: 0}
--- !u!4 &4243064367983424
Transform:
  m_ObjectHideFlags: 1
  m_PrefabParentObject: {fileID: 0}
  m_PrefabInternal: {fileID: 100100000}
  m_GameObject: {fileID: 1820055451208542}
  m_LocalRotation: {x: -0.046708185, y: 0.12986936, z: 0.42321458, w: 0.8954562}
  m_LocalPosition: {x: -244.42125, y: 455.82397, z: -14.016211}
  m_LocalScale: {x: 25.399906, y: 25.4001, z: 25.400003}
  m_Children: []
  m_Father: {fileID: 4295410741298982}
  m_RootOrder: 6
  m_LocalEulerAnglesHint: {x: 0, y: 0, z: 0}
--- !u!4 &4263233825416572
Transform:
  m_ObjectHideFlags: 1
  m_PrefabParentObject: {fileID: 0}
  m_PrefabInternal: {fileID: 100100000}
  m_GameObject: {fileID: 1580474743669862}
  m_LocalRotation: {x: 8.409977e-15, y: 0.000000011906318, z: 0.078852, w: 0.9968863}
  m_LocalPosition: {x: -1.2842598, y: 0.00024266541, z: -3.657874e-11}
  m_LocalScale: {x: 1, y: 1, z: 1}
  m_Children:
  - {fileID: 4032360603918566}
  m_Father: {fileID: 4356529055547142}
  m_RootOrder: 2
  m_LocalEulerAnglesHint: {x: 0, y: 0, z: 0}
--- !u!4 &4264797115771734
Transform:
  m_ObjectHideFlags: 1
  m_PrefabParentObject: {fileID: 0}
  m_PrefabInternal: {fileID: 100100000}
  m_GameObject: {fileID: 1011788741952588}
  m_LocalRotation: {x: -0.010306361, y: 0.0018824085, z: -0.46686473, w: 0.8842667}
  m_LocalPosition: {x: -8.416281, y: 0, z: -0.00000011920929}
  m_LocalScale: {x: 0.9999998, y: 1.0000005, z: 1.0000001}
  m_Children:
  - {fileID: 4582460879484920}
  m_Father: {fileID: 4282713136821082}
  m_RootOrder: 0
  m_LocalEulerAnglesHint: {x: 0, y: 0, z: 0}
--- !u!4 &4282713136821082
Transform:
  m_ObjectHideFlags: 1
  m_PrefabParentObject: {fileID: 0}
  m_PrefabInternal: {fileID: 100100000}
  m_GameObject: {fileID: 1292814505952892}
  m_LocalRotation: {x: 0.0038505923, y: 0.0005206933, z: 0.14780527, w: 0.98900884}
  m_LocalPosition: {x: -6.6674175, y: 0.000009655952, z: 0}
  m_LocalScale: {x: 1, y: 1.0000002, z: 0.99999994}
  m_Children:
  - {fileID: 4264797115771734}
  m_Father: {fileID: 4358628969718430}
  m_RootOrder: 0
  m_LocalEulerAnglesHint: {x: 0, y: 0, z: 0}
--- !u!4 &4287545292749166
Transform:
  m_ObjectHideFlags: 1
  m_PrefabParentObject: {fileID: 0}
  m_PrefabInternal: {fileID: 100100000}
  m_GameObject: {fileID: 1880110447242540}
  m_LocalRotation: {x: 0.04915451, y: 0.48228744, z: 0.06392147, w: 0.87229395}
  m_LocalPosition: {x: -213.56502, y: 467.42413, z: -15.382424}
  m_LocalScale: {x: 25.400003, y: 25.399887, z: 25.40013}
  m_Children: []
  m_Father: {fileID: 4295410741298982}
  m_RootOrder: 15
  m_LocalEulerAnglesHint: {x: 0, y: 0, z: 0}
--- !u!4 &4295410741298982
Transform:
  m_ObjectHideFlags: 1
  m_PrefabParentObject: {fileID: 0}
  m_PrefabInternal: {fileID: 100100000}
  m_GameObject: {fileID: 1955783914879546}
  m_LocalRotation: {x: 0, y: 0.30070588, z: 0, w: -0.95371693}
  m_LocalPosition: {x: 537, y: -605.00226, z: -31}
  m_LocalScale: {x: 1, y: 1, z: 1}
  m_Children:
  - {fileID: 4744888964054716}
  - {fileID: 4549466879877226}
  - {fileID: 4035756211442640}
  - {fileID: 4338600849843740}
  - {fileID: 4356529055547142}
  - {fileID: 4148694808863322}
  - {fileID: 4243064367983424}
  - {fileID: 4777047444216788}
  - {fileID: 4737930043865224}
  - {fileID: 4808113576421580}
  - {fileID: 4535606303751608}
  - {fileID: 4616355045187504}
  - {fileID: 4348044413239092}
  - {fileID: 4479581445300482}
  - {fileID: 4567700950160646}
  - {fileID: 4287545292749166}
  - {fileID: 4031930125027410}
  - {fileID: 4405540677960622}
  - {fileID: 4023982652987206}
  - {fileID: 4367301255298696}
  - {fileID: 4178795841259538}
  - {fileID: 4399739526187464}
  - {fileID: 4081517239832718}
  - {fileID: 4706915164049726}
  - {fileID: 4537426202856286}
  - {fileID: 4663179650517566}
  - {fileID: 4830421439896094}
  - {fileID: 4336555748892788}
  - {fileID: 4782033660250086}
  - {fileID: 4699768920208202}
  - {fileID: 4221028855908962}
  - {fileID: 4878580067265176}
  - {fileID: 4002202336611184}
  - {fileID: 4316505289949796}
  - {fileID: 4108731602061356}
  - {fileID: 4298055690862086}
  - {fileID: 4900273112405802}
  - {fileID: 4183281202179258}
  - {fileID: 4160463507926748}
  m_Father: {fileID: 0}
  m_RootOrder: 0
  m_LocalEulerAnglesHint: {x: 0, y: 0, z: 0}
--- !u!4 &4298055690862086
Transform:
  m_ObjectHideFlags: 1
  m_PrefabParentObject: {fileID: 0}
  m_PrefabInternal: {fileID: 100100000}
  m_GameObject: {fileID: 1913911993773870}
  m_LocalRotation: {x: 0.5094414, y: 0.49037686, z: -0.5094414, w: -0.49037686}
  m_LocalPosition: {x: 1.30846445e-11, y: 319.61243, z: 35.761116}
  m_LocalScale: {x: 25.399996, y: 25.399996, z: 25.4}
  m_Children: []
  m_Father: {fileID: 4295410741298982}
  m_RootOrder: 35
  m_LocalEulerAnglesHint: {x: 0, y: 0, z: 0}
--- !u!4 &4316505289949796
Transform:
  m_ObjectHideFlags: 1
  m_PrefabParentObject: {fileID: 0}
  m_PrefabInternal: {fileID: 100100000}
  m_GameObject: {fileID: 1705381974282044}
  m_LocalRotation: {x: 0.50847894, y: 0.4913748, z: -0.50847894, w: -0.4913748}
  m_LocalPosition: {x: 1.30846445e-11, y: 380.03537, z: 33.693245}
  m_LocalScale: {x: 25.4, y: 25.4, z: 25.4}
  m_Children: []
  m_Father: {fileID: 4295410741298982}
  m_RootOrder: 33
  m_LocalEulerAnglesHint: {x: 0, y: 0, z: 0}
--- !u!4 &4326871723114176
Transform:
  m_ObjectHideFlags: 1
  m_PrefabParentObject: {fileID: 0}
  m_PrefabInternal: {fileID: 100100000}
  m_GameObject: {fileID: 1692679177914882}
  m_LocalRotation: {x: -0.011670335, y: 0.043389186, z: 0.13481645, w: 0.98985136}
  m_LocalPosition: {x: -0.7611158, y: 0.0000019073486, z: -0.00000047683716}
  m_LocalScale: {x: 1.0000012, y: 0.99999785, z: 1.0000008}
  m_Children:
  - {fileID: 4018095143043286}
  m_Father: {fileID: 4536780589832502}
  m_RootOrder: 0
  m_LocalEulerAnglesHint: {x: 0, y: 0, z: 0}
--- !u!4 &4336222440185118
Transform:
  m_ObjectHideFlags: 1
  m_PrefabParentObject: {fileID: 0}
  m_PrefabInternal: {fileID: 100100000}
  m_GameObject: {fileID: 1206358788730296}
  m_LocalRotation: {x: -1.4889702e-11, y: 0.00000015184413, z: 0.99985373, w: -0.017104035}
  m_LocalPosition: {x: 1.5757198, y: 1.535098, z: -0.00000023179342}
  m_LocalScale: {x: 1, y: 1, z: 1}
  m_Children:
  - {fileID: 4960040179903854}
  m_Father: {fileID: 4356529055547142}
  m_RootOrder: 3
  m_LocalEulerAnglesHint: {x: 0, y: 0, z: 0}
--- !u!4 &4336555748892788
Transform:
  m_ObjectHideFlags: 1
  m_PrefabParentObject: {fileID: 0}
  m_PrefabInternal: {fileID: 100100000}
  m_GameObject: {fileID: 1727352765843120}
  m_LocalRotation: {x: 0.50000006, y: -0.50000006, z: -0.49999997, w: 0.49999997}
  m_LocalPosition: {x: 45.11364, y: -0.65296495, z: -5.951137}
  m_LocalScale: {x: 25.4, y: 25.4, z: 25.4}
  m_Children: []
  m_Father: {fileID: 4295410741298982}
  m_RootOrder: 27
  m_LocalEulerAnglesHint: {x: 0, y: 0, z: 0}
--- !u!4 &4338600849843740
Transform:
  m_ObjectHideFlags: 1
  m_PrefabParentObject: {fileID: 0}
  m_PrefabInternal: {fileID: 100100000}
  m_GameObject: {fileID: 1136297495060298}
  m_LocalRotation: {x: 0.50000006, y: -0.50000006, z: -0.49999997, w: 0.49999997}
  m_LocalPosition: {x: 0.001397797, y: 652.5206, z: -10.013955}
  m_LocalScale: {x: 25.4, y: 25.4, z: 25.4}
  m_Children: []
  m_Father: {fileID: 4295410741298982}
  m_RootOrder: 3
  m_LocalEulerAnglesHint: {x: 0, y: 0, z: 0}
--- !u!4 &4348044413239092
Transform:
  m_ObjectHideFlags: 1
  m_PrefabParentObject: {fileID: 0}
  m_PrefabInternal: {fileID: 100100000}
  m_GameObject: {fileID: 1452397426000284}
  m_LocalRotation: {x: -0.101741664, y: 0.054458063, z: 0.6568472, w: 0.7451408}
  m_LocalPosition: {x: -249.26022, y: 425.54404, z: -25.601337}
  m_LocalScale: {x: 25.399916, y: 25.400084, z: 25.400005}
  m_Children: []
  m_Father: {fileID: 4295410741298982}
  m_RootOrder: 12
  m_LocalEulerAnglesHint: {x: 0, y: 0, z: 0}
--- !u!4 &4356529055547142
Transform:
  m_ObjectHideFlags: 1
  m_PrefabParentObject: {fileID: 0}
  m_PrefabInternal: {fileID: 100100000}
  m_GameObject: {fileID: 1573544237194762}
  m_LocalRotation: {x: 0.50000006, y: -0.50000006, z: -0.49999997, w: 0.49999997}
  m_LocalPosition: {x: 1.1279866e-11, y: 420.05865, z: -5.2982483}
  m_LocalScale: {x: 25.4, y: 25.4, z: 25.4}
  m_Children:
  - {fileID: 4358628969718430}
  - {fileID: 4042789931940258}
  - {fileID: 4263233825416572}
  - {fileID: 4336222440185118}
  - {fileID: 4852678409231156}
  m_Father: {fileID: 4295410741298982}
  m_RootOrder: 4
  m_LocalEulerAnglesHint: {x: 0, y: 0, z: 0}
--- !u!4 &4358628969718430
Transform:
  m_ObjectHideFlags: 1
  m_PrefabParentObject: {fileID: 0}
  m_PrefabInternal: {fileID: 100100000}
  m_GameObject: {fileID: 1287281852458366}
  m_LocalRotation: {x: -0.05509239, y: 0.9984461, z: 0.0003023729, w: 0.008370288}
  m_LocalPosition: {x: -0, y: 0, z: 1.7329161}
  m_LocalScale: {x: 0.9999998, y: 1, z: 1}
  m_Children:
  - {fileID: 4282713136821082}
  m_Father: {fileID: 4356529055547142}
  m_RootOrder: 0
  m_LocalEulerAnglesHint: {x: 0, y: 0, z: 0}
--- !u!4 &4367301255298696
Transform:
  m_ObjectHideFlags: 1
  m_PrefabParentObject: {fileID: 0}
  m_PrefabInternal: {fileID: 100100000}
  m_GameObject: {fileID: 1614220730098510}
  m_LocalRotation: {x: 0.42321372, y: 0.89545655, z: -0.0467085, w: 0.1298694}
  m_LocalPosition: {x: 244.42142, y: 455.8241, z: -14.01618}
  m_LocalScale: {x: 25.399988, y: 25.400013, z: 25.400002}
  m_Children: []
  m_Father: {fileID: 4295410741298982}
  m_RootOrder: 19
  m_LocalEulerAnglesHint: {x: 0, y: 0, z: 0}
--- !u!4 &4379818485023296
Transform:
  m_ObjectHideFlags: 1
  m_PrefabParentObject: {fileID: 0}
  m_PrefabInternal: {fileID: 100100000}
  m_GameObject: {fileID: 1796442526757568}
  m_LocalRotation: {x: 0.010906495, y: -0.003498619, z: -0.46668652, w: 0.8843487}
  m_LocalPosition: {x: -8.416281, y: -0.00000023841858, z: 0}
  m_LocalScale: {x: 0.9999999, y: 1.0000001, z: 0.9999999}
  m_Children:
  - {fileID: 4172433894879860}
  m_Father: {fileID: 4860699567911660}
  m_RootOrder: 0
  m_LocalEulerAnglesHint: {x: 0, y: 0, z: 0}
--- !u!4 &4399739526187464
Transform:
  m_ObjectHideFlags: 1
  m_PrefabParentObject: {fileID: 0}
  m_PrefabInternal: {fileID: 100100000}
  m_GameObject: {fileID: 1129586423382252}
  m_LocalRotation: {x: 0.69169617, y: 0.6888951, z: -0.029940957, w: 0.21467073}
  m_LocalPosition: {x: 266.3016, y: 420.2837, z: -0.6449476}
  m_LocalScale: {x: 25.399961, y: 25.400038, z: 25.400002}
  m_Children: []
  m_Father: {fileID: 4295410741298982}
  m_RootOrder: 21
  m_LocalEulerAnglesHint: {x: 0, y: 0, z: 0}
--- !u!4 &4399752972630016
Transform:
  m_ObjectHideFlags: 1
  m_PrefabParentObject: {fileID: 0}
  m_PrefabInternal: {fileID: 100100000}
  m_GameObject: {fileID: 1376658675021222}
  m_LocalRotation: {x: -3.913537e-15, y: -2.2204463e-16, z: -0.0000000018626456, w: 1}
  m_LocalPosition: {x: -2.2706137, y: -0.00000011920929, z: 0}
  m_LocalScale: {x: 0.9999998, y: 0.9999998, z: 1}
  m_Children: []
  m_Father: {fileID: 4852678409231156}
  m_RootOrder: 0
  m_LocalEulerAnglesHint: {x: 0, y: 0, z: 0}
--- !u!4 &4405540677960622
Transform:
  m_ObjectHideFlags: 1
  m_PrefabParentObject: {fileID: 0}
  m_PrefabInternal: {fileID: 100100000}
  m_GameObject: {fileID: 1253261910519556}
  m_LocalRotation: {x: 0.28473687, y: 0.49416938, z: 0.34305382, w: 0.7463482}
  m_LocalPosition: {x: -230.57095, y: 457.458, z: 14.142108}
  m_LocalScale: {x: 25.399841, y: 25.400028, z: 25.400146}
  m_Children: []
  m_Father: {fileID: 4295410741298982}
  m_RootOrder: 17
  m_LocalEulerAnglesHint: {x: 0, y: 0, z: 0}
--- !u!4 &4418498253400506
Transform:
  m_ObjectHideFlags: 1
  m_PrefabParentObject: {fileID: 0}
  m_PrefabInternal: {fileID: 100100000}
  m_GameObject: {fileID: 1020928838101016}
  m_LocalRotation: {x: -0.0027369868, y: 0.050752494, z: 0.15893422, w: 0.98598003}
  m_LocalPosition: {x: -1.0631161, y: 0, z: 0}
  m_LocalScale: {x: 0.9999984, y: 1.0000019, z: 0.9999998}
  m_Children:
  - {fileID: 4557175112101262}
  m_Father: {fileID: 4877733207851150}
  m_RootOrder: 0
  m_LocalEulerAnglesHint: {x: 0, y: 0, z: 0}
--- !u!4 &4441709041441238
Transform:
  m_ObjectHideFlags: 1
  m_PrefabParentObject: {fileID: 0}
  m_PrefabInternal: {fileID: 100100000}
  m_GameObject: {fileID: 1135401068059772}
  m_LocalRotation: {x: -0.04690236, y: 0.0014400239, z: -0.23678268, w: 0.9704288}
  m_LocalPosition: {x: -4.369009, y: 0, z: 0}
  m_LocalScale: {x: 1, y: 0.99999994, z: 1}
  m_Children:
  - {fileID: 4816713038046002}
  m_Father: {fileID: 4160311652777924}
  m_RootOrder: 0
  m_LocalEulerAnglesHint: {x: 0, y: 0, z: 0}
--- !u!4 &4454420656793666
Transform:
  m_ObjectHideFlags: 1
  m_PrefabParentObject: {fileID: 0}
  m_PrefabInternal: {fileID: 100100000}
  m_GameObject: {fileID: 1096664350307768}
  m_LocalRotation: {x: -0.13088845, y: -0.09006755, z: 0.22504942, w: 0.9613058}
  m_LocalPosition: {x: -1.3162246, y: -0.012252808, z: -0.45802855}
  m_LocalScale: {x: 0.9999941, y: 1.0000056, z: 1.0000004}
  m_Children:
  - {fileID: 4232489640884244}
  m_Father: {fileID: 4047610523605026}
  m_RootOrder: 1
  m_LocalEulerAnglesHint: {x: 0, y: 0, z: 0}
--- !u!4 &4455850885549580
Transform:
  m_ObjectHideFlags: 1
  m_PrefabParentObject: {fileID: 0}
  m_PrefabInternal: {fileID: 100100000}
  m_GameObject: {fileID: 1822217943224912}
  m_LocalRotation: {x: 0.01166894, y: -0.0433889, z: 0.13481618, w: 0.9898515}
  m_LocalPosition: {x: -0.7611165, y: 0.0000019073486, z: 0.00000047683716}
  m_LocalScale: {x: 1.0000002, y: 0.9999975, z: 1.0000023}
  m_Children:
  - {fileID: 4536043844992272}
  m_Father: {fileID: 4895927986630332}
  m_RootOrder: 0
  m_LocalEulerAnglesHint: {x: 0, y: 0, z: 0}
--- !u!4 &4479581445300482
Transform:
  m_ObjectHideFlags: 1
  m_PrefabParentObject: {fileID: 0}
  m_PrefabInternal: {fileID: 100100000}
  m_GameObject: {fileID: 1691116468677780}
  m_LocalRotation: {x: -0.0863516, y: 0.05515929, z: 0.78412294, w: 0.6120883}
  m_LocalPosition: {x: -251.44296, y: 409.43948, z: -22.026754}
  m_LocalScale: {x: 25.399921, y: 25.400085, z: 25.40001}
  m_Children: []
  m_Father: {fileID: 4295410741298982}
  m_RootOrder: 13
  m_LocalEulerAnglesHint: {x: 0, y: 0, z: 0}
--- !u!4 &4503330832795154
Transform:
  m_ObjectHideFlags: 1
  m_PrefabParentObject: {fileID: 0}
  m_PrefabInternal: {fileID: 100100000}
  m_GameObject: {fileID: 1279976065474192}
  m_LocalRotation: {x: 0.13088982, y: 0.09006749, z: 0.22504532, w: 0.9613066}
  m_LocalPosition: {x: -1.316226, y: -0.012248993, z: 0.45802927}
  m_LocalScale: {x: 0.99999815, y: 1.0000018, z: 1}
  m_Children:
  - {fileID: 4629667401882404}
  m_Father: {fileID: 4816713038046002}
  m_RootOrder: 1
  m_LocalEulerAnglesHint: {x: 0, y: 0, z: 0}
--- !u!4 &4535606303751608
Transform:
  m_ObjectHideFlags: 1
  m_PrefabParentObject: {fileID: 0}
  m_PrefabInternal: {fileID: 100100000}
  m_GameObject: {fileID: 1171636269812576}
  m_LocalRotation: {x: 0.6399064, y: 0.30840883, z: 0.15770842, w: 0.6859532}
  m_LocalPosition: {x: -127.33878, y: 532.81354, z: -51.89251}
  m_LocalScale: {x: 25.39997, y: 25.4, z: 25.40003}
  m_Children: []
  m_Father: {fileID: 4295410741298982}
  m_RootOrder: 10
  m_LocalEulerAnglesHint: {x: 0, y: 0, z: 0}
--- !u!4 &4536043844992272
Transform:
  m_ObjectHideFlags: 1
  m_PrefabParentObject: {fileID: 0}
  m_PrefabInternal: {fileID: 100100000}
  m_GameObject: {fileID: 1512692148565056}
  m_LocalRotation: {x: -0.0814236, y: -0.014164312, z: 0.24031785, w: 0.9671695}
  m_LocalPosition: {x: -0.6506491, y: -0.0000019073486, z: 0.0000009536743}
  m_LocalScale: {x: 1.0000017, y: 0.9999972, z: 1.0000013}
  m_Children: []
  m_Father: {fileID: 4455850885549580}
  m_RootOrder: 0
  m_LocalEulerAnglesHint: {x: 0, y: 0, z: 0}
--- !u!4 &4536780589832502
Transform:
  m_ObjectHideFlags: 1
  m_PrefabParentObject: {fileID: 0}
  m_PrefabInternal: {fileID: 100100000}
  m_GameObject: {fileID: 1547907339061776}
  m_LocalRotation: {x: 0.2378364, y: 0.32516214, z: -0.14825082, w: 0.903175}
  m_LocalPosition: {x: -0.34348392, y: 0.07337189, z: 0.44056463}
  m_LocalScale: {x: 0.9999977, y: 0.9999976, z: 1.0000051}
  m_Children:
  - {fileID: 4326871723114176}
  m_Father: {fileID: 4047610523605026}
  m_RootOrder: 2
  m_LocalEulerAnglesHint: {x: 0, y: 0, z: 0}
--- !u!4 &4537426202856286
Transform:
  m_ObjectHideFlags: 1
  m_PrefabParentObject: {fileID: 0}
  m_PrefabInternal: {fileID: 100100000}
  m_GameObject: {fileID: 1031683526432406}
  m_LocalRotation: {x: 0.5111251, y: 0.8483157, z: -0.13710769, w: 0.017696997}
  m_LocalPosition: {x: 236.86473, y: 447.95953, z: -30.025015}
  m_LocalScale: {x: 25.399975, y: 25.400023, z: 25.4}
  m_Children: []
  m_Father: {fileID: 4295410741298982}
  m_RootOrder: 24
  m_LocalEulerAnglesHint: {x: 0, y: 0, z: 0}
--- !u!4 &4549466879877226
Transform:
  m_ObjectHideFlags: 1
  m_PrefabParentObject: {fileID: 0}
  m_PrefabInternal: {fileID: 100100000}
  m_GameObject: {fileID: 1042967130274636}
  m_LocalRotation: {x: 0.50000006, y: -0.50000006, z: -0.49999997, w: 0.49999997}
  m_LocalPosition: {x: -0, y: 0, z: 0}
  m_LocalScale: {x: 25.4, y: 25.4, z: 25.4}
  m_Children:
  - {fileID: 4062019585838868}
  m_Father: {fileID: 4295410741298982}
  m_RootOrder: 1
  m_LocalEulerAnglesHint: {x: 0, y: 0, z: 0}
--- !u!4 &4555491655273788
Transform:
  m_ObjectHideFlags: 1
  m_PrefabParentObject: {fileID: 0}
  m_PrefabInternal: {fileID: 100100000}
  m_GameObject: {fileID: 1665429480176458}
  m_LocalRotation: {x: 0.0027371927, y: -0.05075242, z: 0.15893443, w: 0.98598}
  m_LocalPosition: {x: -1.0631156, y: 0.000005722046, z: 0}
  m_LocalScale: {x: 0.999997, y: 1.0000032, z: 0.9999999}
  m_Children:
  - {fileID: 4893264061213086}
  m_Father: {fileID: 4664443031961180}
  m_RootOrder: 0
  m_LocalEulerAnglesHint: {x: 0, y: 0, z: 0}
--- !u!4 &4557175112101262
Transform:
  m_ObjectHideFlags: 1
  m_PrefabParentObject: {fileID: 0}
  m_PrefabInternal: {fileID: 100100000}
  m_GameObject: {fileID: 1219852442191436}
  m_LocalRotation: {x: 0.0051279855, y: 0.03237952, z: 0.18061648, w: 0.98300713}
  m_LocalPosition: {x: -0.6856508, y: 0.0000009536743, z: 0}
  m_LocalScale: {x: 0.99999875, y: 1.0000012, z: 1.0000001}
  m_Children: []
  m_Father: {fileID: 4418498253400506}
  m_RootOrder: 0
  m_LocalEulerAnglesHint: {x: 0, y: 0, z: 0}
--- !u!4 &4567700950160646
Transform:
  m_ObjectHideFlags: 1
  m_PrefabParentObject: {fileID: 0}
  m_PrefabInternal: {fileID: 100100000}
  m_GameObject: {fileID: 1630760020399088}
  m_LocalRotation: {x: 0.50000006, y: -0.50000006, z: -0.49999997, w: 0.49999997}
  m_LocalPosition: {x: -43.807713, y: -0.65296495, z: -5.951151}
  m_LocalScale: {x: 25.4, y: 25.4, z: 25.4}
  m_Children: []
  m_Father: {fileID: 4295410741298982}
  m_RootOrder: 14
  m_LocalEulerAnglesHint: {x: 0, y: 0, z: 0}
--- !u!4 &4579323811748774
Transform:
  m_ObjectHideFlags: 1
  m_PrefabParentObject: {fileID: 0}
  m_PrefabInternal: {fileID: 100100000}
  m_GameObject: {fileID: 1012341465126568}
  m_LocalRotation: {x: -6.460108e-15, y: 1.2032884e-23, z: -0.0000000018626445, w: 1}
  m_LocalPosition: {x: -2.1356754, y: 0, z: 0}
  m_LocalScale: {x: 1.0000004, y: 1.0000004, z: 1}
  m_Children: []
  m_Father: {fileID: 4960040179903854}
  m_RootOrder: 0
  m_LocalEulerAnglesHint: {x: 0, y: 0, z: 0}
--- !u!4 &4582460879484920
Transform:
  m_ObjectHideFlags: 1
  m_PrefabParentObject: {fileID: 0}
  m_PrefabInternal: {fileID: 100100000}
  m_GameObject: {fileID: 1867190181987074}
  m_LocalRotation: {x: -0.003966858, y: 0.001485763, z: -0.30945796, w: 0.9509037}
  m_LocalPosition: {x: -1.89326, y: 0.2131738, z: -0.2303412}
  m_LocalScale: {x: 0.99999964, y: 0.9999998, z: 1}
  m_Children: []
  m_Father: {fileID: 4264797115771734}
  m_RootOrder: 0
  m_LocalEulerAnglesHint: {x: 0, y: 0, z: 0}
--- !u!4 &4616355045187504
Transform:
  m_ObjectHideFlags: 1
  m_PrefabParentObject: {fileID: 0}
  m_PrefabInternal: {fileID: 100100000}
  m_GameObject: {fileID: 1953771126136980}
  m_LocalRotation: {x: -0.13710584, y: 0.017697947, z: 0.5111265, w: 0.84831506}
  m_LocalPosition: {x: -236.86453, y: 447.9594, z: -30.025043}
  m_LocalScale: {x: 25.399918, y: 25.400085, z: 25.400011}
  m_Children: []
  m_Father: {fileID: 4295410741298982}
  m_RootOrder: 11
  m_LocalEulerAnglesHint: {x: 0, y: 0, z: 0}
--- !u!4 &4624752668276650
Transform:
  m_ObjectHideFlags: 1
  m_PrefabParentObject: {fileID: 0}
  m_PrefabInternal: {fileID: 100100000}
  m_GameObject: {fileID: 1843318322663962}
  m_LocalRotation: {x: -0.25304767, y: -0.6356384, z: 0.24702093, w: 0.68622977}
  m_LocalPosition: {x: -3.0051422, y: 0.7706615, z: -0.56907713}
  m_LocalScale: {x: 1, y: 1, z: 1}
  m_Children:
  - {fileID: 4160311652777924}
  m_Father: {fileID: 4032360603918566}
  m_RootOrder: 2
  m_LocalEulerAnglesHint: {x: 0, y: 0, z: 0}
--- !u!4 &4629667401882404
Transform:
  m_ObjectHideFlags: 1
  m_PrefabParentObject: {fileID: 0}
  m_PrefabInternal: {fileID: 100100000}
  m_GameObject: {fileID: 1889550171439906}
  m_LocalRotation: {x: -0.032062806, y: 0.005044053, z: 0.18201582, w: 0.9827598}
  m_LocalPosition: {x: -1.0233746, y: 0.0000076293945, z: -0.0000009536743}
  m_LocalScale: {x: 0.9999938, y: 1.0000058, z: 1.0000004}
  m_Children:
  - {fileID: 4720919369205296}
  m_Father: {fileID: 4503330832795154}
  m_RootOrder: 0
  m_LocalEulerAnglesHint: {x: 0, y: 0, z: 0}
--- !u!4 &4663179650517566
Transform:
  m_ObjectHideFlags: 1
  m_PrefabParentObject: {fileID: 0}
  m_PrefabInternal: {fileID: 100100000}
  m_GameObject: {fileID: 1372097583491070}
  m_LocalRotation: {x: 0.6568466, y: 0.74514085, z: -0.10174695, w: 0.054453928}
  m_LocalPosition: {x: 249.26053, y: 425.54413, z: -25.601301}
  m_LocalScale: {x: 25.399921, y: 25.400074, z: 25.400003}
  m_Children: []
  m_Father: {fileID: 4295410741298982}
  m_RootOrder: 25
  m_LocalEulerAnglesHint: {x: 0, y: 0, z: 0}
--- !u!4 &4664443031961180
Transform:
  m_ObjectHideFlags: 1
  m_PrefabParentObject: {fileID: 0}
  m_PrefabInternal: {fileID: 100100000}
  m_GameObject: {fileID: 1089969872192636}
  m_LocalRotation: {x: -0.0014792135, y: 0.0095690545, z: 0.14797643, w: 0.9889435}
  m_LocalPosition: {x: -1.5733004, y: 0.37231255, z: -0.1483078}
  m_LocalScale: {x: 0.9999991, y: 1.000001, z: 1.0000001}
  m_Children:
  - {fileID: 4555491655273788}
  m_Father: {fileID: 4816713038046002}
  m_RootOrder: 0
  m_LocalEulerAnglesHint: {x: 0, y: 0, z: 0}
--- !u!4 &4687108108273632
Transform:
  m_ObjectHideFlags: 1
  m_PrefabParentObject: {fileID: 0}
  m_PrefabInternal: {fileID: 100100000}
  m_GameObject: {fileID: 1809710788376850}
  m_LocalRotation: {x: 0, y: -0, z: -0, w: 1}
  m_LocalPosition: {x: -0, y: 0, z: 0}
  m_LocalScale: {x: 1, y: 1, z: 1}
  m_Children: []
  m_Father: {fileID: 4744888964054716}
  m_RootOrder: 2
  m_LocalEulerAnglesHint: {x: 0, y: 0, z: 0}
--- !u!4 &4699768920208202
Transform:
  m_ObjectHideFlags: 1
  m_PrefabParentObject: {fileID: 0}
  m_PrefabInternal: {fileID: 100100000}
  m_GameObject: {fileID: 1373352099998918}
  m_LocalRotation: {x: 0.18863423, y: 0.8344715, z: 0.10072118, w: 0.50786775}
  m_LocalPosition: {x: 223.74615, y: 464.35168, z: 0.76224303}
  m_LocalScale: {x: 25.400002, y: 25.399967, z: 25.400028}
  m_Children: []
  m_Father: {fileID: 4295410741298982}
  m_RootOrder: 29
  m_LocalEulerAnglesHint: {x: 0, y: 0, z: 0}
--- !u!4 &4706915164049726
Transform:
  m_ObjectHideFlags: 1
  m_PrefabParentObject: {fileID: 0}
  m_PrefabInternal: {fileID: 100100000}
  m_GameObject: {fileID: 1962978803427758}
  m_LocalRotation: {x: 0.15770797, y: 0.6859537, z: 0.6399064, w: 0.30840808}
  m_LocalPosition: {x: 127.338806, y: 532.8135, z: -51.892452}
  m_LocalScale: {x: 25.4, y: 25.4, z: 25.4}
  m_Children: []
  m_Father: {fileID: 4295410741298982}
  m_RootOrder: 23
  m_LocalEulerAnglesHint: {x: 0, y: 0, z: 0}
--- !u!4 &4720919369205296
Transform:
  m_ObjectHideFlags: 1
  m_PrefabParentObject: {fileID: 0}
  m_PrefabInternal: {fileID: 100100000}
  m_GameObject: {fileID: 1022417634201788}
  m_LocalRotation: {x: 0.008540457, y: 0.015289015, z: 0.18314344, w: 0.9829302}
  m_LocalPosition: {x: -0.6551266, y: 0.000002861023, z: -0.0000009536743}
  m_LocalScale: {x: 0.9999923, y: 1.0000073, z: 1.0000004}
  m_Children: []
  m_Father: {fileID: 4629667401882404}
  m_RootOrder: 0
  m_LocalEulerAnglesHint: {x: 0, y: 0, z: 0}
--- !u!4 &4735395781074174
Transform:
  m_ObjectHideFlags: 1
  m_PrefabParentObject: {fileID: 0}
  m_PrefabInternal: {fileID: 100100000}
  m_GameObject: {fileID: 1037794565454000}
  m_LocalRotation: {x: 0.046902418, y: -0.0014390629, z: -0.23678276, w: 0.9704288}
  m_LocalPosition: {x: -4.369009, y: -0.00000023841858, z: 0}
  m_LocalScale: {x: 0.999999, y: 0.9999998, z: 1.0000008}
  m_Children:
  - {fileID: 4047610523605026}
  m_Father: {fileID: 4786442843637610}
  m_RootOrder: 0
  m_LocalEulerAnglesHint: {x: 0, y: 0, z: 0}
--- !u!4 &4737930043865224
Transform:
  m_ObjectHideFlags: 1
  m_PrefabParentObject: {fileID: 0}
  m_PrefabInternal: {fileID: 100100000}
  m_GameObject: {fileID: 1957942478626000}
  m_LocalRotation: {x: -0.029942604, y: 0.21466967, z: 0.6916963, w: 0.6888953}
  m_LocalPosition: {x: -266.30133, y: 420.2836, z: -0.64501876}
  m_LocalScale: {x: 25.399889, y: 25.400131, z: 25.400003}
  m_Children: []
  m_Father: {fileID: 4295410741298982}
  m_RootOrder: 8
  m_LocalEulerAnglesHint: {x: 0, y: 0, z: 0}
--- !u!4 &4744888964054716
Transform:
  m_ObjectHideFlags: 1
  m_PrefabParentObject: {fileID: 0}
  m_PrefabInternal: {fileID: 100100000}
  m_GameObject: {fileID: 1074497806152184}
  m_LocalRotation: {x: 0.00000008146034, y: 0, z: -0, w: 1}
  m_LocalPosition: {x: 0.0000045418737, y: 353.67267, z: -9.260969e-21}
  m_LocalScale: {x: 25.4, y: 25.4, z: 25.4}
  m_Children:
  - {fileID: 4184520181470362}
  - {fileID: 4930086896170878}
  - {fileID: 4687108108273632}
  - {fileID: 4808307646549208}
  m_Father: {fileID: 4295410741298982}
  m_RootOrder: 0
  m_LocalEulerAnglesHint: {x: 0, y: 0, z: 0}
--- !u!4 &4769254864199080
Transform:
  m_ObjectHideFlags: 1
  m_PrefabParentObject: {fileID: 0}
  m_PrefabInternal: {fileID: 100100000}
  m_GameObject: {fileID: 1588427252847732}
  m_LocalRotation: {x: 0.25304794, y: 0.63563836, z: 0.24702086, w: 0.68622977}
  m_LocalPosition: {x: -3.0051422, y: 0.77066153, z: 0.56907713}
  m_LocalScale: {x: 1.0000005, y: 0.9999997, z: 1}
  m_Children:
  - {fileID: 4786442843637610}
  m_Father: {fileID: 4032360603918566}
  m_RootOrder: 0
  m_LocalEulerAnglesHint: {x: 0, y: 0, z: 0}
--- !u!4 &4777047444216788
Transform:
  m_ObjectHideFlags: 1
  m_PrefabParentObject: {fileID: 0}
  m_PrefabInternal: {fileID: 100100000}
  m_GameObject: {fileID: 1426360068504536}
  m_LocalRotation: {x: -0.049342662, y: 0.17976055, z: 0.55758554, w: 0.8089189}
  m_LocalPosition: {x: -260.84036, y: 435.68484, z: -6.668143}
  m_LocalScale: {x: 25.399889, y: 25.400131, z: 25.400002}
  m_Children: []
  m_Father: {fileID: 4295410741298982}
  m_RootOrder: 7
  m_LocalEulerAnglesHint: {x: 0, y: 0, z: 0}
--- !u!4 &4782033660250086
Transform:
  m_ObjectHideFlags: 1
  m_PrefabParentObject: {fileID: 0}
  m_PrefabInternal: {fileID: 100100000}
  m_GameObject: {fileID: 1073789355255126}
  m_LocalRotation: {x: 0.06392173, y: 0.87229395, z: 0.049154054, w: 0.48228747}
  m_LocalPosition: {x: 213.56523, y: 467.42416, z: -15.382367}
  m_LocalScale: {x: 25.400005, y: 25.399967, z: 25.400026}
  m_Children: []
  m_Father: {fileID: 4295410741298982}
  m_RootOrder: 28
  m_LocalEulerAnglesHint: {x: 0, y: 0, z: 0}
--- !u!4 &4786442843637610
Transform:
  m_ObjectHideFlags: 1
  m_PrefabParentObject: {fileID: 0}
  m_PrefabInternal: {fileID: 100100000}
  m_GameObject: {fileID: 1645108069699338}
  m_LocalRotation: {x: 0.12134147, y: 0.34512177, z: -0.20619677, w: 0.9075517}
  m_LocalPosition: {x: -1.6141303, y: -0.00000011920929, z: -0.0000019073486}
  m_LocalScale: {x: 0.9999993, y: 1.0000002, z: 1.0000001}
  m_Children:
  - {fileID: 4735395781074174}
  m_Father: {fileID: 4769254864199080}
  m_RootOrder: 0
  m_LocalEulerAnglesHint: {x: 0, y: 0, z: 0}
--- !u!4 &4799090468614302
Transform:
  m_ObjectHideFlags: 1
  m_PrefabParentObject: {fileID: 0}
  m_PrefabInternal: {fileID: 100100000}
  m_GameObject: {fileID: 1805056417706390}
  m_LocalRotation: {x: -0.00853967, y: -0.01528984, z: 0.18314195, w: 0.98293054}
  m_LocalPosition: {x: -0.65512943, y: 0.0000009536743, z: -0.00000023841858}
  m_LocalScale: {x: 0.99999934, y: 1.0000011, z: 1.0000002}
  m_Children: []
  m_Father: {fileID: 4232489640884244}
  m_RootOrder: 0
  m_LocalEulerAnglesHint: {x: 0, y: 0, z: 0}
--- !u!4 &4808113576421580
Transform:
  m_ObjectHideFlags: 1
  m_PrefabParentObject: {fileID: 0}
  m_PrefabInternal: {fileID: 100100000}
  m_GameObject: {fileID: 1875361881849304}
  m_LocalRotation: {x: -0.0707843, y: 0.12946396, z: 0.2857725, w: 0.94686997}
  m_LocalPosition: {x: -207.80605, y: 468.1171, z: -28.465553}
  m_LocalScale: {x: 25.400114, y: 25.399895, z: 25.399998}
  m_Children: []
  m_Father: {fileID: 4295410741298982}
  m_RootOrder: 9
  m_LocalEulerAnglesHint: {x: 0, y: 0, z: 0}
--- !u!4 &4808307646549208
Transform:
  m_ObjectHideFlags: 1
  m_PrefabParentObject: {fileID: 0}
  m_PrefabInternal: {fileID: 100100000}
  m_GameObject: {fileID: 1116215808282926}
  m_LocalRotation: {x: 0.000000012410425, y: 0, z: -0, w: 1}
  m_LocalPosition: {x: -0, y: 0.0000009536743, z: 2.2737368e-13}
  m_LocalScale: {x: 1, y: 1, z: 1}
  m_Children: []
  m_Father: {fileID: 4744888964054716}
  m_RootOrder: 3
  m_LocalEulerAnglesHint: {x: 0, y: 0, z: 0}
--- !u!4 &4816713038046002
Transform:
  m_ObjectHideFlags: 1
  m_PrefabParentObject: {fileID: 0}
  m_PrefabInternal: {fileID: 100100000}
  m_GameObject: {fileID: 1225953314396626}
  m_LocalRotation: {x: 0.72217983, y: 0.009187404, z: -0.057979103, w: 0.68920994}
  m_LocalPosition: {x: -4.168298, y: -0.0000038146973, z: 0.000017166138}
  m_LocalScale: {x: 1.0000007, y: 0.9999992, z: 1.0000001}
  m_Children:
  - {fileID: 4664443031961180}
  - {fileID: 4503330832795154}
  - {fileID: 4895927986630332}
  m_Father: {fileID: 4441709041441238}
  m_RootOrder: 0
  m_LocalEulerAnglesHint: {x: 0, y: 0, z: 0}
--- !u!4 &4830421439896094
Transform:
  m_ObjectHideFlags: 1
  m_PrefabParentObject: {fileID: 0}
  m_PrefabInternal: {fileID: 100100000}
  m_GameObject: {fileID: 1239110980026982}
  m_LocalRotation: {x: 0.7841231, y: 0.612088, z: -0.086352766, w: 0.05515874}
  m_LocalPosition: {x: 251.44331, y: 409.43958, z: -22.026707}
  m_LocalScale: {x: 25.399902, y: 25.400091, z: 25.400003}
  m_Children: []
  m_Father: {fileID: 4295410741298982}
  m_RootOrder: 26
  m_LocalEulerAnglesHint: {x: 0, y: 0, z: 0}
--- !u!4 &4852678409231156
Transform:
  m_ObjectHideFlags: 1
  m_PrefabParentObject: {fileID: 0}
  m_PrefabInternal: {fileID: 100100000}
  m_GameObject: {fileID: 1146028412766566}
  m_LocalRotation: {x: -1.4889702e-11, y: 0.00000015184413, z: 0.99985373, w: -0.017104035}
  m_LocalPosition: {x: 1.5757198, y: -1.8327255, z: 0.00000027673374}
  m_LocalScale: {x: 1, y: 1, z: 1}
  m_Children:
  - {fileID: 4399752972630016}
  m_Father: {fileID: 4356529055547142}
  m_RootOrder: 4
  m_LocalEulerAnglesHint: {x: 0, y: 0, z: 0}
--- !u!4 &4860699567911660
Transform:
  m_ObjectHideFlags: 1
  m_PrefabParentObject: {fileID: 0}
  m_PrefabInternal: {fileID: 100100000}
  m_GameObject: {fileID: 1920990817550878}
  m_LocalRotation: {x: -0.0038521774, y: -0.0005152611, z: 0.14738022, w: 0.9890723}
  m_LocalPosition: {x: -6.6674175, y: 0.000009536743, z: 0.00000023841858}
  m_LocalScale: {x: 1.0000002, y: 1.0000002, z: 1.0000001}
  m_Children:
  - {fileID: 4379818485023296}
  m_Father: {fileID: 4042789931940258}
  m_RootOrder: 0
  m_LocalEulerAnglesHint: {x: 0, y: 0, z: 0}
--- !u!4 &4877733207851150
Transform:
  m_ObjectHideFlags: 1
  m_PrefabParentObject: {fileID: 0}
  m_PrefabInternal: {fileID: 100100000}
  m_GameObject: {fileID: 1855126401569936}
  m_LocalRotation: {x: 0.0014797217, y: -0.00956899, z: 0.1479793, w: 0.9889431}
  m_LocalPosition: {x: -1.5732985, y: 0.37230873, z: 0.14830804}
  m_LocalScale: {x: 0.99999255, y: 1.0000074, z: 1.0000002}
  m_Children:
  - {fileID: 4418498253400506}
  m_Father: {fileID: 4047610523605026}
  m_RootOrder: 0
  m_LocalEulerAnglesHint: {x: 0, y: 0, z: 0}
--- !u!4 &4878580067265176
Transform:
  m_ObjectHideFlags: 1
  m_PrefabParentObject: {fileID: 0}
  m_PrefabInternal: {fileID: 100100000}
  m_GameObject: {fileID: 1725892035307168}
  m_LocalRotation: {x: 0.3308526, y: 0.6578954, z: 0.66160977, w: 0.14136027}
  m_LocalPosition: {x: 45.096, y: 601.88116, z: -23.950592}
  m_LocalScale: {x: 25.4, y: 25.4, z: 25.4}
  m_Children: []
  m_Father: {fileID: 4295410741298982}
  m_RootOrder: 31
  m_LocalEulerAnglesHint: {x: 0, y: 0, z: 0}
--- !u!4 &4883515550384384
Transform:
  m_ObjectHideFlags: 1
  m_PrefabParentObject: {fileID: 0}
  m_PrefabInternal: {fileID: 100100000}
  m_GameObject: {fileID: 1586361968396494}
  m_LocalRotation: {x: -0.00000083953955, y: 0.0000125448705, z: 0.16695715, w: 0.9859642}
  m_LocalPosition: {x: -2.2546864, y: 0, z: 0}
  m_LocalScale: {x: 1.0000001, y: 1.0000001, z: 1}
  m_Children: []
  m_Father: {fileID: 4024306511886792}
  m_RootOrder: 0
  m_LocalEulerAnglesHint: {x: 0, y: 0, z: 0}
--- !u!4 &4893264061213086
Transform:
  m_ObjectHideFlags: 1
  m_PrefabParentObject: {fileID: 0}
  m_PrefabInternal: {fileID: 100100000}
  m_GameObject: {fileID: 1555020446964204}
  m_LocalRotation: {x: -0.0051280395, y: -0.032378845, z: 0.1806187, w: 0.9830067}
  m_LocalPosition: {x: -0.6856489, y: 0, z: 0.0000009536743}
  m_LocalScale: {x: 0.999997, y: 1.0000031, z: 1.0000001}
  m_Children: []
  m_Father: {fileID: 4555491655273788}
  m_RootOrder: 0
  m_LocalEulerAnglesHint: {x: 0, y: 0, z: 0}
--- !u!4 &4895927986630332
Transform:
  m_ObjectHideFlags: 1
  m_PrefabParentObject: {fileID: 0}
  m_PrefabInternal: {fileID: 100100000}
  m_GameObject: {fileID: 1519198012914120}
  m_LocalRotation: {x: -0.23783724, y: -0.32516074, z: -0.14825079, w: 0.9031753}
  m_LocalPosition: {x: -0.34348297, y: 0.07337189, z: -0.44056463}
  m_LocalScale: {x: 1.0000005, y: 0.9999974, z: 1.0000021}
  m_Children:
  - {fileID: 4455850885549580}
  m_Father: {fileID: 4816713038046002}
  m_RootOrder: 2
  m_LocalEulerAnglesHint: {x: 0, y: 0, z: 0}
--- !u!4 &4900273112405802
Transform:
  m_ObjectHideFlags: 1
  m_PrefabParentObject: {fileID: 0}
  m_PrefabInternal: {fileID: 100100000}
  m_GameObject: {fileID: 1040957708499826}
  m_LocalRotation: {x: 0.5094414, y: 0.49037686, z: -0.5094414, w: -0.49037686}
  m_LocalPosition: {x: 1.30846445e-11, y: 265.40573, z: 37.829094}
  m_LocalScale: {x: 25.400002, y: 25.400002, z: 25.4}
  m_Children: []
  m_Father: {fileID: 4295410741298982}
  m_RootOrder: 36
  m_LocalEulerAnglesHint: {x: 0, y: 0, z: 0}
--- !u!4 &4930086896170878
Transform:
  m_ObjectHideFlags: 1
  m_PrefabParentObject: {fileID: 0}
  m_PrefabInternal: {fileID: 100100000}
  m_GameObject: {fileID: 1969154970103006}
  m_LocalRotation: {x: 0, y: -0, z: -0, w: 1}
  m_LocalPosition: {x: -0, y: 0, z: -0.00000023841858}
  m_LocalScale: {x: 1, y: 1, z: 1}
  m_Children: []
  m_Father: {fileID: 4744888964054716}
  m_RootOrder: 1
  m_LocalEulerAnglesHint: {x: 0, y: 0, z: 0}
--- !u!4 &4960040179903854
Transform:
  m_ObjectHideFlags: 1
  m_PrefabParentObject: {fileID: 0}
  m_PrefabInternal: {fileID: 100100000}
  m_GameObject: {fileID: 1266242109304644}
  m_LocalRotation: {x: 1.1662402e-15, y: 2.994773e-10, z: 0.001960738, w: 0.9999981}
  m_LocalPosition: {x: -2.380248, y: -0.00000023841858, z: 0}
  m_LocalScale: {x: 0.99999976, y: 0.99999976, z: 1}
  m_Children:
  - {fileID: 4579323811748774}
  m_Father: {fileID: 4336222440185118}
  m_RootOrder: 0
  m_LocalEulerAnglesHint: {x: 0, y: 0, z: 0}
--- !u!23 &23070548903592094
MeshRenderer:
  m_ObjectHideFlags: 1
  m_PrefabParentObject: {fileID: 0}
  m_PrefabInternal: {fileID: 100100000}
  m_GameObject: {fileID: 1213174427855970}
  m_Enabled: 1
  m_CastShadows: 1
  m_ReceiveShadows: 1
  m_MotionVectors: 1
  m_LightProbeUsage: 1
  m_ReflectionProbeUsage: 1
  m_Materials:
  - {fileID: 2100000, guid: 3069578757853d94085dd4300e763968, type: 2}
  m_StaticBatchInfo:
    firstSubMesh: 0
    subMeshCount: 0
  m_StaticBatchRoot: {fileID: 0}
  m_ProbeAnchor: {fileID: 0}
  m_LightProbeVolumeOverride: {fileID: 0}
  m_ScaleInLightmap: 1
  m_PreserveUVs: 0
  m_IgnoreNormalsForChartDetection: 0
  m_ImportantGI: 0
  m_SelectedEditorRenderState: 3
  m_MinimumChartSize: 4
  m_AutoUVMaxDistance: 0.5
  m_AutoUVMaxAngle: 89
  m_LightmapParameters: {fileID: 0}
  m_SortingLayerID: 0
  m_SortingLayer: 0
  m_SortingOrder: 0
--- !u!33 &33081024977372454
MeshFilter:
  m_ObjectHideFlags: 1
  m_PrefabParentObject: {fileID: 0}
  m_PrefabInternal: {fileID: 100100000}
  m_GameObject: {fileID: 1213174427855970}
  m_Mesh: {fileID: 4300010, guid: c3418afa7d8074e49a565ebe1aca5622, type: 3}
--- !u!95 &95263140290826302
Animator:
  serializedVersion: 3
  m_ObjectHideFlags: 1
  m_PrefabParentObject: {fileID: 0}
  m_PrefabInternal: {fileID: 100100000}
  m_GameObject: {fileID: 1955783914879546}
  m_Enabled: 1
  m_Avatar: {fileID: 9000000, guid: c3418afa7d8074e49a565ebe1aca5622, type: 3}
  m_Controller: {fileID: 9100000, guid: b137ccf14b8994d40ac62ca1558dd24a, type: 2}
  m_CullingMode: 1
  m_UpdateMode: 0
  m_ApplyRootMotion: 0
  m_LinearVelocityBlending: 0
  m_WarningMessage: 
  m_HasTransformHierarchy: 1
  m_AllowConstantClipSamplingOptimization: 1
--- !u!137 &137067649534232408
SkinnedMeshRenderer:
  m_ObjectHideFlags: 1
  m_PrefabParentObject: {fileID: 0}
  m_PrefabInternal: {fileID: 100100000}
  m_GameObject: {fileID: 1116215808282926}
  m_Enabled: 1
  m_CastShadows: 1
  m_ReceiveShadows: 1
  m_MotionVectors: 1
  m_LightProbeUsage: 1
  m_ReflectionProbeUsage: 1
  m_Materials:
  - {fileID: 2100000, guid: 646424d3760ff01488260013357b9d33, type: 2}
  m_StaticBatchInfo:
    firstSubMesh: 0
    subMeshCount: 0
  m_StaticBatchRoot: {fileID: 0}
  m_ProbeAnchor: {fileID: 0}
  m_LightProbeVolumeOverride: {fileID: 0}
  m_ScaleInLightmap: 1
  m_PreserveUVs: 0
  m_IgnoreNormalsForChartDetection: 0
  m_ImportantGI: 0
  m_SelectedEditorRenderState: 3
  m_MinimumChartSize: 4
  m_AutoUVMaxDistance: 0.5
  m_AutoUVMaxAngle: 89
  m_LightmapParameters: {fileID: 0}
  m_SortingLayerID: 0
  m_SortingLayer: 0
  m_SortingOrder: 0
  serializedVersion: 2
  m_Quality: 0
  m_UpdateWhenOffscreen: 0
  m_SkinnedMotionVectors: 1
  m_Mesh: {fileID: 4300004, guid: c3418afa7d8074e49a565ebe1aca5622, type: 3}
  m_Bones:
  - {fileID: 4032360603918566}
  - {fileID: 4883515550384384}
  - {fileID: 4263233825416572}
  - {fileID: 4024306511886792}
  - {fileID: 4786442843637610}
  - {fileID: 4160311652777924}
  - {fileID: 4356529055547142}
  - {fileID: 4358628969718430}
  - {fileID: 4042789931940258}
  - {fileID: 4769254864199080}
  - {fileID: 4624752668276650}
  m_BlendShapeWeights: []
  m_RootBone: {fileID: 4356529055547142}
  m_AABB:
    m_Center: {x: -5.0903873, y: -0.36567092, z: -0.06937337}
    m_Extent: {x: 2.8736148, y: 2.265679, z: 2.0220861}
  m_DirtyAABB: 0
--- !u!137 &137148290396115310
SkinnedMeshRenderer:
  m_ObjectHideFlags: 1
  m_PrefabParentObject: {fileID: 0}
  m_PrefabInternal: {fileID: 100100000}
  m_GameObject: {fileID: 1969154970103006}
  m_Enabled: 1
  m_CastShadows: 1
  m_ReceiveShadows: 1
  m_MotionVectors: 1
  m_LightProbeUsage: 1
  m_ReflectionProbeUsage: 1
  m_Materials:
  - {fileID: 2100000, guid: 646424d3760ff01488260013357b9d33, type: 2}
  m_StaticBatchInfo:
    firstSubMesh: 0
    subMeshCount: 0
  m_StaticBatchRoot: {fileID: 0}
  m_ProbeAnchor: {fileID: 0}
  m_LightProbeVolumeOverride: {fileID: 0}
  m_ScaleInLightmap: 1
  m_PreserveUVs: 0
  m_IgnoreNormalsForChartDetection: 0
  m_ImportantGI: 0
  m_SelectedEditorRenderState: 3
  m_MinimumChartSize: 4
  m_AutoUVMaxDistance: 0.5
  m_AutoUVMaxAngle: 89
  m_LightmapParameters: {fileID: 0}
  m_SortingLayerID: 0
  m_SortingLayer: 0
  m_SortingOrder: 0
  serializedVersion: 2
  m_Quality: 0
  m_UpdateWhenOffscreen: 0
  m_SkinnedMotionVectors: 1
  m_Mesh: {fileID: 4300002, guid: c3418afa7d8074e49a565ebe1aca5622, type: 3}
  m_Bones:
  - {fileID: 4042789931940258}
  - {fileID: 4358628969718430}
  - {fileID: 4579323811748774}
  - {fileID: 4960040179903854}
  - {fileID: 4336222440185118}
  - {fileID: 4356529055547142}
  - {fileID: 4032360603918566}
  - {fileID: 4263233825416572}
  - {fileID: 4860699567911660}
  - {fileID: 4282713136821082}
  - {fileID: 4852678409231156}
  - {fileID: 4399752972630016}
  m_BlendShapeWeights: []
  m_RootBone: {fileID: 4356529055547142}
  m_AABB:
    m_Center: {x: 3.273957, y: -0.19059777, z: 0.0144991875}
    m_Extent: {x: 5.414072, y: 2.4896648, z: 1.9227273}
  m_DirtyAABB: 0
--- !u!137 &137389369799397914
SkinnedMeshRenderer:
  m_ObjectHideFlags: 1
  m_PrefabParentObject: {fileID: 0}
  m_PrefabInternal: {fileID: 100100000}
  m_GameObject: {fileID: 1074497806152184}
  m_Enabled: 1
  m_CastShadows: 1
  m_ReceiveShadows: 1
  m_MotionVectors: 1
  m_LightProbeUsage: 1
  m_ReflectionProbeUsage: 1
  m_Materials:
  - {fileID: 2100000, guid: dd25c35894b7dfc4b99257c890dc07a6, type: 2}
  m_StaticBatchInfo:
    firstSubMesh: 0
    subMeshCount: 0
  m_StaticBatchRoot: {fileID: 0}
  m_ProbeAnchor: {fileID: 0}
  m_LightProbeVolumeOverride: {fileID: 0}
  m_ScaleInLightmap: 1
  m_PreserveUVs: 0
  m_IgnoreNormalsForChartDetection: 0
  m_ImportantGI: 0
  m_SelectedEditorRenderState: 3
  m_MinimumChartSize: 4
  m_AutoUVMaxDistance: 0.5
  m_AutoUVMaxAngle: 89
  m_LightmapParameters: {fileID: 0}
  m_SortingLayerID: 0
  m_SortingLayer: 0
  m_SortingOrder: 0
  serializedVersion: 2
  m_Quality: 0
  m_UpdateWhenOffscreen: 0
  m_SkinnedMotionVectors: 1
  m_Mesh: {fileID: 4300000, guid: c3418afa7d8074e49a565ebe1aca5622, type: 3}
  m_Bones:
  - {fileID: 4032360603918566}
  - {fileID: 4883515550384384}
  - {fileID: 4024306511886792}
  - {fileID: 4356529055547142}
  - {fileID: 4769254864199080}
  - {fileID: 4786442843637610}
  - {fileID: 4263233825416572}
  - {fileID: 4358628969718430}
  - {fileID: 4042789931940258}
  - {fileID: 4336222440185118}
  - {fileID: 4735395781074174}
  - {fileID: 4852678409231156}
  - {fileID: 4399752972630016}
  - {fileID: 4960040179903854}
  - {fileID: 4579323811748774}
  - {fileID: 4282713136821082}
  - {fileID: 4582460879484920}
  - {fileID: 4172433894879860}
  - {fileID: 4264797115771734}
  - {fileID: 4047610523605026}
  - {fileID: 4454420656793666}
  - {fileID: 4232489640884244}
  - {fileID: 4877733207851150}
  - {fileID: 4418498253400506}
  - {fileID: 4799090468614302}
  - {fileID: 4557175112101262}
  - {fileID: 4326871723114176}
  - {fileID: 4536780589832502}
  - {fileID: 4018095143043286}
  - {fileID: 4160311652777924}
  - {fileID: 4624752668276650}
  - {fileID: 4441709041441238}
  - {fileID: 4860699567911660}
  - {fileID: 4379818485023296}
  - {fileID: 4816713038046002}
  - {fileID: 4503330832795154}
  - {fileID: 4629667401882404}
  - {fileID: 4664443031961180}
  - {fileID: 4555491655273788}
  - {fileID: 4720919369205296}
  - {fileID: 4893264061213086}
  - {fileID: 4455850885549580}
  - {fileID: 4895927986630332}
  - {fileID: 4536043844992272}
  m_BlendShapeWeights: []
  m_RootBone: {fileID: 4356529055547142}
  m_AABB:
    m_Center: {x: 3.2541323, y: 0.28124964, z: -0.00005054474}
    m_Extent: {x: 14.794913, y: 3.5490127, z: 10.888252}
  m_DirtyAABB: 0
--- !u!137 &137592091778909910
SkinnedMeshRenderer:
  m_ObjectHideFlags: 1
  m_PrefabParentObject: {fileID: 0}
  m_PrefabInternal: {fileID: 100100000}
  m_GameObject: {fileID: 1378661717202702}
  m_Enabled: 1
  m_CastShadows: 1
  m_ReceiveShadows: 1
  m_MotionVectors: 1
  m_LightProbeUsage: 1
  m_ReflectionProbeUsage: 1
  m_Materials:
  - {fileID: 10303, guid: 0000000000000000f000000000000000, type: 0}
  m_StaticBatchInfo:
    firstSubMesh: 0
    subMeshCount: 0
  m_StaticBatchRoot: {fileID: 0}
  m_ProbeAnchor: {fileID: 0}
  m_LightProbeVolumeOverride: {fileID: 0}
  m_ScaleInLightmap: 1
  m_PreserveUVs: 0
  m_IgnoreNormalsForChartDetection: 0
  m_ImportantGI: 0
  m_SelectedEditorRenderState: 3
  m_MinimumChartSize: 4
  m_AutoUVMaxDistance: 0.5
  m_AutoUVMaxAngle: 89
  m_LightmapParameters: {fileID: 0}
  m_SortingLayerID: 0
  m_SortingLayer: 0
  m_SortingOrder: 0
  serializedVersion: 2
  m_Quality: 0
  m_UpdateWhenOffscreen: 0
  m_SkinnedMotionVectors: 1
  m_Mesh: {fileID: 4300008, guid: c3418afa7d8074e49a565ebe1aca5622, type: 3}
  m_Bones:
  - {fileID: 4032360603918566}
  - {fileID: 4883515550384384}
  - {fileID: 4024306511886792}
  m_BlendShapeWeights: []
  m_RootBone: {fileID: 4032360603918566}
  m_AABB:
    m_Center: {x: -6.293011, y: 1.6728394, z: -0.00000011920929}
    m_Extent: {x: 0.48227882, y: 0.5763242, z: 0.7011451}
  m_DirtyAABB: 0
--- !u!137 &137880941666241558
SkinnedMeshRenderer:
  m_ObjectHideFlags: 1
  m_PrefabParentObject: {fileID: 0}
  m_PrefabInternal: {fileID: 100100000}
  m_GameObject: {fileID: 1809710788376850}
  m_Enabled: 1
  m_CastShadows: 1
  m_ReceiveShadows: 1
  m_MotionVectors: 1
  m_LightProbeUsage: 1
  m_ReflectionProbeUsage: 1
  m_Materials:
  - {fileID: 2100000, guid: 646424d3760ff01488260013357b9d33, type: 2}
  m_StaticBatchInfo:
    firstSubMesh: 0
    subMeshCount: 0
  m_StaticBatchRoot: {fileID: 0}
  m_ProbeAnchor: {fileID: 0}
  m_LightProbeVolumeOverride: {fileID: 0}
  m_ScaleInLightmap: 1
  m_PreserveUVs: 0
  m_IgnoreNormalsForChartDetection: 0
  m_ImportantGI: 0
  m_SelectedEditorRenderState: 3
  m_MinimumChartSize: 4
  m_AutoUVMaxDistance: 0.5
  m_AutoUVMaxAngle: 89
  m_LightmapParameters: {fileID: 0}
  m_SortingLayerID: 0
  m_SortingLayer: 0
  m_SortingOrder: 0
  serializedVersion: 2
  m_Quality: 0
  m_UpdateWhenOffscreen: 0
  m_SkinnedMotionVectors: 1
  m_Mesh: {fileID: 4300006, guid: c3418afa7d8074e49a565ebe1aca5622, type: 3}
  m_Bones:
  - {fileID: 4032360603918566}
  - {fileID: 4883515550384384}
  - {fileID: 4024306511886792}
  - {fileID: 4769254864199080}
  m_BlendShapeWeights: []
  m_RootBone: {fileID: 4032360603918566}
  m_AABB:
    m_Center: {x: -4.2128706, y: -0.054885626, z: -0.0000027418137}
    m_Extent: {x: 0.74559784, y: 1.1901073, z: 1.200848}
  m_DirtyAABB: 0
